2384 3970
244 299 318 356 26
546 299 1044 362 SELEOTIONS
1082 302 1316 362 FROM
1357 302 1525 365 THE
1567 302 1954 365 VULGATE

655 622 958 719 P‘SALMUS
999 658 1130 718 Xe.
1175 658 1560 736 (LXXXIX.
1612 659 1831 738 ναις).

327 806 347 839 ¹
383 807 665 875 Domine,
697 805 999 886 refugium
1026 806 1229 867 factus
1259 827 1323 865 es
1350 807 1552 869 nobis:

389 925 424 963 a
450 903 837 983 generatione
864 904 929 965 in
954 904 1427 983 generationem.

329 1002 352 1035 2
387 1002 756 1082 Priusquam
780 1010 1021 1063 montes
1044 1001 1277 1071 fierent,

387 1108 496 1162 aut
520 1102 889 1162 formaretur
913 1109 1093 1170 terra,
1126 1108 1189 1161 et
1217 1102 1405 1163 orbis:

385 1222 420 1260 a
447 1200 688 1261 saeculo
716 1207 778 1260 et
805 1221 1000 1279 usque
1027 1199 1093 1260 in
1119 1199 1431 1261 saeculum
1457 1209 1531 1261 tu
1559 1222 1622 1261 es
1650 1204 1836 1263 Deus.

334 1299 356 1333 3
388 1301 481 1359 Ne
514 1307 758 1359 auertas
791 1299 1102 1359 hominem
1134 1298 1199 1359 in
1230 1298 1672 1361 humilitatem:
1832 1304 1837 1309 ’

382 1406 444 1459 et
476 1397 713 1459 dixisti:
753 1397 1195 1459 Conuertimini
1225 1397 1334 1458 filii
1365 1397 1704 1460 hominum.

332 1498 354 1530 4
390 1498 695 1571 Quoniam
723 1495 887 1557 mille
915 1497 1062 1556 anni
1089 1503 1234 1557 ante
1265 1496 1468 1557 oculos
1496 1503 1655 1566 tuos,

381 1602 705 1674 tamquam
738 1595 867 1656 dies
897 1595 1200 1663 hester-na,
1239 1613 1399 1673 quae
1430 1593 1773 1672 prateriuit,

383 1701 444 1754 et
471 1694 750 1756 custodia
775 1692 841 1753 in
867 1699 1064 1761 nocte,

329 1793 352 1828 5
384 1813 542 1873 quae
567 1813 680 1870 pro
705 1792 895 1852 nihilo
920 1792 1243 1860 habentur,
1275 1812 1486 1851 eorum
1512 1792 1659 1852 anni
1684 1799 1883 1853 erunt.

380 1889 561 1952 Mane
590 1890 748 1950 sicut
777 1889 967 1950 herba
994 1896 1289 1957 transeat,

329 1990 353 2024 ⁶
384 2011 563 2050 mane
594 1989 828 2056 floreat,
863 1994 925 2047 et
954 1994 1257 2047 transeat:

379 2106 637 2167 uespere
659 2087 922 2156 decidat,
954 2085 1219 2154 induret,
1240 2085 1317 2145 'et
1351 2092 1606 2156 arescat,

321 2187 350 2272 ‚⁷
384 2187 539 2260 Quia
564 2186 896 2248 defecimus
919 2184 986 2245 in
1008 2184 1099 2243 ira
1123 2191 1254 2254 tua,
1367 2199 1372 2203 ·

378 2293 439 2346 et
466 2286 533 2346 in
559 2285 764 2346 furore
790 2291 904 2344 tuo
928 2281 1169 2345 turbati
1195 2302 1424 2343 sumus,

324 2386 347 2420 Β
377 2384 649 2446 Posuisti
671 2383 1034 2463 iniquitates
1060 2388 1302 2442 nostras
1327 2379 1393 2441 in
1420 2387 1754 2459 conspectu
1778 2388 1917 2441 tuo:

390 2483 704 2544 saeculum
735 2489 1016 2543 nostrum
1045 2479 1112 2540 in
1140 2478 1610 2540 inluminatione
1642 2471 1853 2540 uultus
1884 2480 1999 2540 tui.

327 2584 350 2618 9
383 2583 688 2656 Quoniam
721 2601 931 2641 omnes
961 2580 1090 2640 dies
1122 2579 1319 2639 nostri
1350 2578 1730 2639 defecerunt:

391 2689 453 2741 et
478 2681 545 2742 in
569 2682 658 2740 ira
685 2686 797 2739 tua
825 2676 1177 2740 defecimus,

387 2779 555 2841 Anni
585 2776 780 2838 nostri
813 2775 970 2836 sicut
1003 2795 1227 2835 aranea
1259 2772 1755 2835 meditabuntur:

300 2879 354 2914 1⁰
384 2879 513 2940 dies
542 2896 844 2937 annorum
875 2881 1225 2934 nostrorum
1253 2871 1320 2932 in
1346 2870 1512 2949 ipsis,
1548 2871 1939 2949 septuaginta
1970 2870 2136 2935 anni.

390 2977 453 3037 Si
480 2983 691 3036 autem
716 2973 783 3034 in
810 2970 1239 3050 potentatibus
1270 2970 1584 3047 octoginta
1612 2970 1784 3030 anni:

388 3082 452 3134 et
481 3073 743 3151 amplius
773 3092 1001 3138 eorum,
1033 3069 1209 3129 labor
1238 3075 1303 3128 et
1334 3067 1524 3130 dolor.
1954 3128 1957 3131 ,

386 3173 692 3246 Quoniam
725 3168 1081 3247 superuenit
1115 3168 1552 3227 mansuetudo:
1593 3172 1655 3226 et
1682 3165 2099 3244 corripiemur.-

297 3273 348 3307 11
384 3271 532 3344 Quis
558 3269 733 3329 nouit
758 3272 1135 3346 potestatem
1157 3263 1283 3323 irae
1306 3272 1480 3324 tuae:
1569 3342 1573 3344 ξ
1688 3262 1690 3264 ’

387 3376 450 3430 et
479 3388 627 3446 prae
654 3366 877 3425 timore
905 3371 1017 3423 tuo
1046 3362 1202 3422 iram
1231 3370 1407 3422 tuam
1439 3362 1824 3422 dinumerare
1853 3364 1874 3422 ’ἔ

301 3470 355 3506 ²²
384 3471 722 3530 Dexteram
750 3470 927 3523 tuam
957 3461 1040 3521 sic
1072 3467 1286 3521 notam
1314 3460 1439 3519 fac:

392 3573 454 3627 et
482 3564 755 3625 eruditos
783 3562 962 3623 corde
990 3559 1056 3620 in
1084 3557 1402 3637 sapientia.
