2384 3970
218 329 295 387 46
524 321 1024 392 SELEOTIONS
1065 331 1301 392 FROM
1343 332 1512 394 THE
1555 333 1942 394 VULGATE

219 541 299 599 ad
326 536 643 616 proelium.
716 536 770 572 22
800 536 885 600 Et
912 537 1203 616 fugerunt
1242 560 1451 600 omnes
1476 539 1543 602 in
1570 561 1857 620 campum
1885 540 2244 619 alienigena-

215 657 380 696 rum:
475 635 528 670 ²³
561 643 624 698 et
676 635 867 698 Iudas
916 656 1196 698 reuersus
1249 644 1343 698 est
1396 642 1477 701 ad
1529 639 1723 718 spolia
1776 646 2134 707 castrorum,
2182 645 2248 700 et

216 740 585 812 acceperunt
613 754 833 795 aurum
858 735 1144 802 multum,
1177 742 1239 795 et
1265 742 1606 815 argentum,
1639 745 1702 797 et
1727 735 2150 817 hyacinthum,
2182 745 2247 798 et

213 853 553 911 purpuram
607 831 928 901 marinam,
1005 840 1067 893 et
1139 854 1284 914 opes
1351 854 1626 913 magnas,
1701 835 1753 870 ²4
1783 837 1870 898 Et
1938 834 2235 904 conuersi,

214 933 516 1011 hymnum
578 931 904 998 canebant,
966 933 1036 991 ‘et
1099 932 1547 995 benedicebant
1597 935 1800 995 Deum
1855 933 1921 996 in
1983 932 2239 1000 caelum,

112 1061 143 1074 a*
160 1044 180 1054 ‘
213 1030 508 1110 quoniam
536 1030 738 1091 bonus
766 1036 875 1097 est,
905 1030 1199 1110 quoniam
1223 1030 1290 1093 in
1312 1029 1626 1092 saeculum
1653 1032 2066 1096 misericordia
2092 1031 2241 1094 eius,

200 1127 254 1164 ²⁵
284 1130 370 1192 Et
395 1127 565 1192 facta
593 1133 687 1190 est
714 1129 878 1191 salus
904 1149 1130 1210 magna
1155 1129 1221 1192 in
1246 1130 1482 1192 Israhel
1507 1129 1573 1192 in
1600 1130 1700 1192 die
1726 1130 1852 1191 illa.

407 1435 854 1498 EUANGELIUM
898 1451 1258 1496 SECUNDUM
1298 1435 1678 1497 MATTHEUM
1717 1435 1792 1496 V,
1837 1438 2012 1496 1—12.

294 1591 330 1628 >²
361 1590 599 1654 Uidens
655 1598 870 1656 autem
923 1591 1144 1654 turbas
1199 1591 1480 1653 ascendit
1523 1590 1594 1650 in
1638 1598 1946 1652 montem:
2001 1597 2066 1651 et
2101 1610 2243 1651 cum

445 1689 706 1751 sedisset
763 1696 1154 1751 accesserunt
1211 1690 1293 1751 ad
1337 1711 1478 1750 eum
1533 1688 1822 1770 discipuli
1877 1688 2027 1749 eius.
2104 1689 2128 1724 ²
2153 1690 2242 1751 Et
2262 1683 2282 1692 '⁵

435 1788 715 1869 aperiens
745 1809 813 1849 os
843 1808 1026 1849 suum
1055 1788 1323 1850 docebat
1353 1808 1474 1857 eOS,
1505 1787 1745 1849 dicens:

304 1888 329 1924 ³
359 1888 543 1951 Beati
583 1908 886 1969 pauperes
929 1887 1153 1968 spiritu
1195 1887 1492 1968 quoniam
1531 1886 1809 1968 ipsorum
1852 1894 1948 1948 est
1987 1907 2245 1966 regnum

436 1988 766 2050 caelorum.

302 2088 326 2124 ⁴
357 2087 541 2148 Beati
575 2087 759 2148 mites
795 2087 1091 2168 quoniam
1124 2086 1246 2166 ipsi
1281 2085 1691 2167 possidebunt
1723 2092 1975 2147 terram.

301 2187 326 2221 ⁵
356 2187 540 2248 Beati
572 2187 680 2267 qui
707 2187 926 2267 lugent
956 2186 1253 2267 quoniam
1282 2185 1404 2267 ipsi
1435 2185 1944 2248 consolabuntur.

305 2288 329 2323 ⁶
358 2287 542 2349 Beati
586 2287 693 2368 qui
738 2285 1017 2348 esuriunt
1060 2294 1126 2348 et
1167 2285 1394 2347 sitiunt
1434 2286 1744 2348 iustitiam
1786 2284 2084 2367 quoniam
2125 2283 2245 2366 ipsi

432 2388 903 2449 saturabuntur.

300 2486 325 2523 ⁷
355 2487 538 2547 Beati
585 2486 1007 2549 misericordes
1056 2484 1353 2566 quoniam
1398 2483 1520 2565 ipsi
1567 2482 2053 2546 misericordiam
2103 2502 2247 2545 con·

431 2592 791 2668 sequentur.

301 2687 325 2722 8
356 2686 539 2748 Beati
564 2687 798 2747 mundo
836 2686 1019 2747 corde
1056 2684 1352 2765 quoniam
1387 2683 1507 2763 ipsi
1533 2684 1738 2746 Deum
1779 2682 2103 2745 uidebunt.

302 2787 327 2821 ⁹
356 2785 541 2847 Beati
569 2784 811 2865 pacifici
841 2783 1137 2864 quoniam
1164 2783 1285 2863 ipsi
1315 2782 1424 2842 filii
1454 2783 1570 2843 Dei
1598 2783 2013 2843 uocabuntur.

278 2885 331 2922 ¹⁰
357 2884 549 2946 Beati
593 2882 701 2965 qui
743 2882 1236 2963 persecutionem
1277 2881 1607 2961 patiuntur
1629 2888 1902 2962 ‘propter
1941 2881 2248 2944 iustitiam

436 2983 734 3066 quoniam
770 2983 1048 3062 ipsorum
1089 2989 1185 3042 est
1222 3002 1482 3060 regnum
1522 2981 1851 3043 caelorum.

278 3084 327 3120 ¹²
358 3083 540 3145 Beati
587 3083 735 3144 estis
778 3103 920 3144 cum
965 3080 1404 3143 maledixerint
1446 3079 1627 3142 uobis
1672 3087 1734 3141 et
1778 3080 2085 3160 persecuti
2128 3100 2244 3142 uos

431 3182 682 3250 fuerint,
747 3188 810 3242 et
868 3179 1142 3242 dixerint
1201 3200 1381 3241 omne
1440 3178 1677 3240 malum
1735 3179 2070 3241 aduersum
2126 3198 2242 3240 uos

432 3280 807 3342 mentientes
870 3285 1125 3359 propter
1204 3298 1332 3339 me:
1402 3277 1455 3313 1²
1482 3279 1749 3356 gaudete
1817 3284 1882 3338 et
1957 3277 2239 3339 exultate

433 3378 730 3462 quoniam
776 3398 1010 3439 merces
1056 3383 1267 3438 uestra
1315 3376 1565 3457 copiosa
1622 3383 1717 3437 est
1773 3376 1838 3439 in
1888 3376 2102 3438 caelis:
2155 3376 2242 3438 sic
2308 3434 2311 3437 .

429 3479 593 3540 enim
648 3476 958 3558 persecuti
1012 3481 1161 3537 sunt
1220 3477 1559 3556 prophetas
1605 3475 1711 3557 qui
1768 3473 2026 3537 fuerunt
2082 3482 2244 3538 ante

429 3597 550 3646 1108
565 3622 580 3638 0
