2384 3970
313 432 389 489 20
617 432 1114 494 SELEGTIONS
1155 433 1388 494 FROM
1427 433 1597 497 THE
1641 435 2027 498 VULGATE

310 639 495 701 fueris
535 639 600 701 in
628 641 949 720 Aegypto:
995 641 1422 720 custodiesque
1462 662 1532 701 ac
1574 642 1761 702 facies
1804 663 1963 723 quae
2000 650 2329 723 praecepta

307 747 471 802 sunt.

372 837 425 873 13
457 837 945 899 Sollemnitatem
986 859 1232 917 quoque
1270 836 1810 900 tabernaculorum
1850 838 2182 901 celebrabis
2223 861 2330 919 per

306 943 543 1016 septem
582 936 727 1005 dieS,
771 937 1019 1015 quando
1057 933 1367 1013 collegeris
1405 938 1480 1018 de
1518 956 1660 995 area
1698 943 1760 996 et
1796 937 2089 997 torculari
2124 939 2328 1018 fruges

300 1042 469 1096 tuas:
498 1035 550 1069 ¹4
583 1041 644 1094 et
678 1032 1021 1113 epulaberis
1054 1032 1119 1093 in
1151 1032 1495 1092 festiuitate
1528 1040 1657 1104 tua,
1696 1042 1785 1105 tu,
1843 1034 2003 1095 filius
2060 1043 2224 1104 tum,
2263 1044 2327 1096 et

302 1133 445 1204 filia,
500 1154 711 1193 seruus
758 1139 906 1193 tuus
955 1139 1020 1191 et
1067 1130 1304 1201 ancilla,
1357 1132 1607 1191 Leuites
1655 1154 1901 1213 quoque
1951 1141 2014 1193 et
2062 1137 2322 1205 aduena,

301 1231 571 1313 pupillus
613 1252 683 1291 ac
726 1231 917 1292 uidua
959 1231 1067 1310 qui
1106 1229 1271 1290 intra
1314 1236 1526 1308 portas
1566 1237 1710 1290 tuas
1752 1239 1916 1291 sunt.
1989 1232 2041 1266 15
2075 1232 2326 1311 Septem

300 1332 517 1394 diebus
565 1329 834 1390 Domino
868 1331 1016 1409 Deo
1064 1335 1177 1388 tuo
1225 1328 1385 1387 festa
1436 1327 1771 1389 celebrabis
1819 1328 1885 1390 in
1930 1329 2083 1399 1000,
2138 1353 2324 1412 quem

294 1429 542 1510 elegerit
570 1428 900 1491 Dominus:
933 1429 1378 1507 benedicetque
1408 1427 1526 1488 tibi
1553 1428 1857 1489 Dominus
1885 1431 2054 1490 Deus
2083 1437 2230 1491 tuus
2258 1429 2322 1492 in

293 1528 533 1592 cunctis
571 1527 850 1607 frugibus
892 1527 1034 1595 tuiS,
1076 1533 1138 1587 et
1179 1525 1246 1587 in
1286 1526 1454 1586 omni
1493 1547 1673 1605 opere
1716 1549 2015 1588 manuum
2049 1534 2317 1597 tuarum,

293 1628 531 1709 erisque
565 1626 631 1688 in
661 1625 923 1687 laetitia.
995 1625 1048 1660 1⁶
1081 1624 1300 1686 Tribus
1335 1624 1573 1685 uicibus
1597 1645 1706 1703 per
1727 1646 1959 1686 annum
1994 1626 2320 1705 apparebit

291 1749 471 1789 omne
492 1714 901 1788 masculinum
922 1732 1105 1786 tuum
1126 1723 1192 1785 in
1213 1731 1548 1803 conspectu
1570 1723 1823 1785 Domini
1843 1725 1962 1785 Dei
1981 1726 2078 1785 tui
2098 1725 2164 1786 in
2183 1726 2319 1787 1000

290 1848 477 1908 quem
511 1824 785 1905 elegerit:
823 1823 890 1885 in
924 1822 1338 1884 sollemnitate
1380 1843 1757 1901 azymorum,
1796 1822 1863 1884 in
1903 1822 2315 1889 sollemnitate

285 1926 832 1992 hebdomadarum,
877 1930 940 1983 et
978 1922 1044 1982 in
1083 1920 1496 1982 sollemnitate
1533 1922 2092 1982 tabernaculorum.
2173 1923 2315 1986 Non

284 2024 611 2103 apparebit
634 2029 781 2083 ante
802 2020 1141 2083 Dominum
1164 2041 1425 2081 uacuus:
1442 2020 1495 2055 1⁷
1527 2022 1634 2081 sed
1658 2022 1873 2082 offeret
1895 2021 2316 2102 unusquisque

284 2125 623 2185 secundum
657 2123 825 2202 quod
858 2119 1144 2180 habuerit
1177 2118 1356 2179 iuxta
1389 2118 1881 2179 benedictionem
1912 2118 2163 2180 Domini
2197 2118 2313 2180 Dei

285 2221 397 2292 sui,
428 2242 617 2303 quam
644 2219 880 2282 dederit
907 2218 979 2280 ei.

1110 2550 1228 2612 ΙοΒ
1270 2548 1582 2612 XXVIII.

377 2702 398 2737 1
422 2704 636 2766 Habet
660 2709 1004 2782 argentum,
1033 2722 1335 2776 uenarum
1360 2720 1612 2760 suarum
1636 2697 1966 2777 principia:

430 2810 494 2863 et
519 2823 670 2863 auro
690 2801 865 2862 locus
889 2807 1001 2868 est,
1029 2799 1095 2860 in
1120 2820 1244 2879 quo
1268 2799 1593 2859 conflatur.

363 2902 388 2936 2
420 2901 678 2961 Ferrum
704 2901 780 2961 de
804 2906 972 2959 terra
995 2895 1264 2957 tollitur:

431 3006 496 3060 et
521 2998 681 3077 lapis
710 2996 950 3058 solutus
977 2995 1195 3064 calore,
1227 2994 1293 3055 in
1323 3014 1424 3054 aes
1453 2993 1742 3054 uertitur.

352 3098 387 3176 ,³
423 3100 690 3175 Tempus
717 3095 926 3174 posuit
954 3093 1241 3162 tenebris,

425 3202 489 3255 et
519 3195 947 3256 uniuersorum
975 3193 1162 3253 finem
1191 3190 1322 3268 ipse
1352 3189 1719 3257 considerat,

416 3291 690 3372 lapidem
714 3312 961 3372 quoque
986 3289 1278 3369 caliginis,
1309 3296 1371 3349 et
1397 3288 1682 3349 umbram
1706 3285 1943 3347 mortis.

353 3394 378 3429 ⁴²
409 3391 655 3453 Diuidit
683 3398 924 3451 torrens
955 3387 1252 3467 a‘populo
1282 3386 1726 3466 peregrinante,

416 3510 537 3558 eos,
561 3509 716 3569 quos
735 3487 965 3548 oblitus
984 3493 1078 3546 est
1095 3507 1203 3564 pes
1221 3484 1456 3563 egentis
1473 3483 1756 3551 hominis,
1780 3489 1843 3542 et
1859 3482 2081 3545 inuios,

351 3588 375 3623 ⁵
407 3591 610 3656 Terra,
642 3589 718 3648 de
745 3605 870 3665 qua
897 3585 1210 3659 oriebatur
1231 3584 1408 3661 panis
1433 3582 1498 3642 in
1522 3581 1659 3642 1000
1686 3602 1815 3651 8110,
1844 3580 1972 3659 igni
1999 3580 2295 3643 subuersa

498 3694 611 3749 est.
