2384 3970
311 323 387 380 60
613 318 1111 380 SELEOTIONS
1151 321 1384 381 FROM
1425 320 1591 382 THE
1633 322 2019 382 VULGATE

296 550 461 589 mors
481 530 646 588 ultra
668 551 792 590 non
813 529 945 597 erit,
972 553 1170 610 neque
1190 532 1412 600 luetuS,
1441 555 1637 612 neque
1659 532 1904 602 elamor,
1932 556 2129 614 neque
2151 534 2322 596 dolor

295 626 410 687 erit
444 627 625 695 ultra,
667 628 811 706 quia
845 627 1043 706 prima
1075 628 1383 690 abierunt.
1459 630 1482 664 ⁵
1514 632 1598 692 Et
1633 631 1793 691 dixit
1830 632 1935 710 qui
1969 632 2222 693 sedebat
2254 633 2320 695 in

293 725 546 784 throno:
578 725 736 786 Eece
756 745 919 786 noua
945 725 1105 786 facio
1135 727 1358 787 omnia.
1442 729 1526 791 Et
1545 728 1722 789 dioit:
1755 728 1978 797 Scribe,
2003 730 2148 808 quia
2166 732 2316 792 haee
2359 810 2364 816 ,

291 821 481 881 uerba
502 820 855 882 fidelissima
878 820 1023 883 sunt
1047 830 1109 883 et
1130 844 1295 884 uera.
1371 824 1394 858 ⁶
1426 826 1511 886 Et
1534 826 1692 886 dixit
1714 825 1891 886 mihi:
1916 827 2180 887 Factum
2203 835 2315 888 est.

292 920 426 999 Ego
449 941 585 979 sum
609 944 643 974 α
667 927 729 979 et
752 941 819 980 m:
846 919 1094 981 initium
1119 929 1180 981 et
1203 921 1360 982 finis,
1443 924 1577 1002 Ego
1602 922 1837 985 sitienti
1860 925 2022 986 dabo
2045 927 2120 986 de
2141 925 2314 986 fonte

287 1036 487 1097 aquae
505 1017 703 1085 uiuae,
726 1017 936 1096 gratis.
1011 1018 1035 1053 ⁷
1069 1019 1188 1090 Qui
1204 1019 1438 1088 uicerit,
1460 1019 1800 1098 possidebit
1816 1024 1983 1090 haee,
2007 1029 2068 1082 et
2098 1043 2200 1104 ero
2225 1021 2311 1081 illi

282 1116 470 1182 Deus,
501 1121 563 1174 et
587 1113 687 1174 ille
713 1114 829 1175 erit
854 1114 1006 1176 mihi
1029 1115 1209 1177 filius,
1283 1117 1307 1152 ⁸
1340 1117 1595 1179 Timidis
1619 1126 1847 1186 autem,
1879 1127 1941 1179 et
1962 1119 2310 1190 increduliS,

282 1220 344 1274 et
377 1211 694 1282 execratis,
731 1220 792 1273 et
822 1213 1161 1283 homicidiS‚
1199 1222 1261 1275 et
1290 1216 1783 1286 fornicatoribUS,
1819 1225 1881 1277 et
1909 1218 2214 1286 ueneficiS‚
2250 1230 2313 1283 et

278 1309 577 1379 idolatriS,
605 1319 667 1372 et
691 1312 975 1373 omnibus
997 1313 1413 1383 mendacibus
1441 1335 1584 1393 pars
1602 1314 1846 1377 illorum
1868 1316 1984 1377 erit
2002 1315 2069 1378 in
2087 1323 2311 1395 stagno

277 1409 523 1472 ardenti
547 1409 685 1488 igne
713 1418 774 1471 et
802 1412 1110 1489 sulphure,
1143 1415 1310 1492 quod
1335 1419 1428 1472 est
1454 1435 1619 1474 mors
1643 1417 1930 1476 secunda.

1049 1722 1266 1781 XXII.
1318 1726 1527 1783 16-21.
1622 1675 1624 1677 Ι

350 1862 401 1900 ¹⁶
425 1867 557 1945 Ego
599 1866 770 1925 Iesus
810 1868 949 1926 misi
992 1869 1274 1946 angelum
1316 1890 1522 1930 meum
1565 1872 1884 1931 testificari
1923 1873 2102 1934 uobis
2149 1847 2297 1954 haec

276 1965 341 2025 in
377 1965 659 2024 eeclesiis,
743 1967 876 2044 Ego
912 1986 1047 2025 sum
1083 1968 1261 2027 radix
1299 1974 1362 2026 et
1397 1989 1586 2047 genus
1620 1971 1844 2039 Dauid,
1886 1971 2295 2049 stella-splen-

273 2065 423 2124 dida
448 2071 511 2123 et
535 2066 867 2124 matutina.

351 2159 404 2198 ²⁷
428 2164 514 2224 Et
561 2162 825 2240 Spiritus
874 2170 937 2222 et
983 2184 1210 2241 sponsa
1255 2166 1498 2225 dieunt:
1548 2167 1725 2227 Ueni.
1809 2170 1894 2230 Et
1941 2170 2047 2248 qui
2096 2171 2286 2241 audit,
2372 2202 2374 2204 v

270 2260 466 2319 dieat:
496 2261 673 2320 Ueni.
757 2261 842 2321 Et
869 2262 975 2340 qui
1002 2262 1153 2331 sitit,
1181 2263 1422 2324 ueniat:
1453 2265 1559 2344 qui
1585 2266 1739 2334 uult,
1774 2267 2035 2345 accipiat
2063 2288 2288 2346 aquam

270 2358 440 2418 uitae
469 2360 678 2437 gratis,

344 2452 396 2491 ²⁸
419 2457 744 2517 Contestor
795 2478 905 2537 ego
957 2459 1120 2518 omni
1177 2461 1451 2520 audienti
1501 2462 1692 2522 uerba
1722 2463 2099 2541 ‘prophetiae
2148 2464 2288 2523 libri

259 2553 469 2613 huius:
522 2555 585 2615 Si
633 2556 769 2635 quis
820 2557 1175 2634 adposuerit
1224 2559 1303 2618 ad
1350 2559 1517 2628 haee,
1573 2561 1843 2639 adponet
1887 2562 2056 2621 Deus
2103 2583 2285 2640 super

252 2652 428 2713 illum
457 2655 668 2732 plagas
698 2656 958 2734 scriptas
987 2656 1051 2715 in
1078 2657 1235 2716 libro
1264 2657 1403 2717 isto,
1487 2655 1540 2691 1⁹
1563 2660 1647 2717 Et
1677 2660 1727 2718 si
1757 2660 1893 2738 quis
1923 2661 2279 2720 diminuerit

257 2752 349 2811 de
366 2753 569 2812 uerbis
600 2754 741 2812 libri
774 2753 1134 2831 prophetiae
1166 2756 1365 2825 huius,
1407 2757 1642 2815 auferet
1672 2758 1841 2817 Deus
1874 2765 2115 2836 partem
2150 2760 2277 2826 eius

255 2850 331 2910 de
361 2850 526 2929 ligno
553 2851 743 2921 uitae,
779 2859 841 2910 et
872 2853 947 2911 de
979 2853 1233 2925 ciuitate
1265 2861 1498 2919 saneta
1534 2862 1596 2914 et
1626 2857 1701 2915 de
1732 2856 1825 2915 his
1858 2878 2014 2935 quae
2046 2859 2276 2980 scripta

260 2955 409 3007 sunt
437 2949 501 3008 in
530 2950 686 3009 libro
715 2950 854 3009 isto,

328 3043 379 3079 ²⁰
401 3048 571 3107 Dicit
606 3049 713 3128 qui
744 3050 1170 3110 testimonium
1207 3051 1486 3129 perhibet
1519 3052 1805 3112 istorum:
1843 3054 2055 3112 Etiam
2094 3056 2270 3113 uenio

249 3144 400 3204 cito:
465 3146 683 3206 Amen.
766 3147 927 3207 Ueni
957 3149 1220 3208 Domine
1252 3148 1415 3208 Iesu,

317 3238 374 3276 ²¹
402 3243 619 3304 Gratia
679 3245 931 3304 Domini
995 3248 1190 3306 nostri
1252 3246 1397 3307 Iesu
1462 3248 1685 3308 Christi
1751 3270 1890 3309 oum
1957 3251 2258 3311 omnibus,

255 3339 472 3401 Amen.
