<?xml version="1.0" encoding="UTF-8"?>
<!DOCTYPE html PUBLIC "-//W3C//DTD XHTML 1.0 Transitional//EN"
    "http://www.w3.org/TR/xhtml1/DTD/xhtml1-transitional.dtd">
<html xmlns="http://www.w3.org/1999/xhtml" xml:lang="en" lang="en">
 <head>
  <title>
</title>
<meta http-equiv="Content-Type" content="text/html;charset=utf-8" />
  <meta name='ocr-system' content='tesseract 3.04.00' />
  <meta name='ocr-capabilities' content='ocr_page ocr_carea ocr_par ocr_line ocrx_word'/>
</head>
<body>
  <div class='ocr_page' id='page_1' title='image "./selectionsfromvu00whitrich_0049.png"; bbox 0 0 2384 3970; ppageno 0'>
   <div class='ocr_carea' id='block_1_1' title="bbox 646 329 2098 392">
    <p class='ocr_par' dir='ltr' id='par_1_1' title="bbox 646 329 2098 392">
     <span class='ocr_line' id='line_1_1' title="bbox 646 329 2098 392; baseline 0.003 -8"><span class='ocrx_word' id='word_1_1' title='bbox 646 375 655 384; x_wconf 78' lang='lat'><em>.</em></span> <span class='ocrx_word' id='word_1_2' title='bbox 715 334 743 389; x_wconf 87' lang='lat'>1</span> <span class='ocrx_word' id='word_1_3' title='bbox 791 329 1492 392; x_wconf 79' lang='lat' dir='ltr'><strong>MAOHABAEORUM</strong></span> <span class='ocrx_word' id='word_1_4' title='bbox 2022 330 2098 388; x_wconf 81' lang='lat'>45</span> 
     </span>
    </p>
   </div>
   <div class='ocr_carea' id='block_1_2' title="bbox 42 532 2109 3647">
    <p class='ocr_par' dir='ltr' id='par_1_2' title="bbox 42 532 2109 3647">
     <span class='ocr_line' id='line_1_2' title="bbox 86 532 2097 614; baseline -0.001 -18"><span class='ocrx_word' id='word_1_5' title='bbox 86 538 388 598; x_wconf 87' lang='lat' dir='ltr'>exercitus</span> <span class='ocrx_word' id='word_1_6' title='bbox 406 558 442 598; x_wconf 87' lang='lat' dir='ltr'>a</span> <span class='ocrx_word' id='word_1_7' title='bbox 461 537 695 598; x_wconf 90' lang='lat' dir='ltr'>castris.</span> <span class='ocrx_word' id='word_1_8' title='bbox 753 537 776 572; x_wconf 80' lang='lat'><strong>5</strong></span> <span class='ocrx_word' id='word_1_9' title='bbox 809 537 894 598; x_wconf 88' lang='lat' dir='ltr'>Et</span> <span class='ocrx_word' id='word_1_10' title='bbox 911 536 1083 614; x_wconf 76' lang='lat' dir='ltr'>uenit</span> <span class='ocrx_word' id='word_1_11' title='bbox 1102 534 1356 614; x_wconf 79' lang='lat' dir='ltr'>Gorgias</span> <span class='ocrx_word' id='word_1_12' title='bbox 1373 534 1438 595; x_wconf 90' lang='lat' dir='ltr'>in</span> <span class='ocrx_word' id='word_1_13' title='bbox 1459 540 1660 594; x_wconf 91' lang='lat' dir='ltr'>castra</span> <span class='ocrx_word' id='word_1_14' title='bbox 1683 532 1873 596; x_wconf 85' lang='lat' dir='ltr'>Iudae</span> <span class='ocrx_word' id='word_1_15' title='bbox 1892 541 2097 604; x_wconf 80' lang='lat' dir='ltr'>noctu,</span> 
     </span>
     <span class='ocr_line' id='line_1_3' title="bbox 85 631 2101 714; baseline -0.002 -19"><span class='ocrx_word' id='word_1_16' title='bbox 85 643 148 696; x_wconf 94' lang='lat' dir='ltr'>et</span> <span class='ocrx_word' id='word_1_17' title='bbox 175 635 480 697; x_wconf 88' lang='lat' dir='ltr'>neminem</span> <span class='ocrx_word' id='word_1_18' title='bbox 502 635 760 704; x_wconf 87' lang='lat' dir='ltr'>inuenit,</span> <span class='ocrx_word' id='word_1_19' title='bbox 793 642 855 695; x_wconf 92' lang='lat' dir='ltr'>et</span> <span class='ocrx_word' id='word_1_20' title='bbox 882 635 1220 714; x_wconf 86' lang='lat' dir='ltr'>quaerebat</span> <span class='ocrx_word' id='word_1_21' title='bbox 1238 653 1339 693; x_wconf 88' lang='lat' dir='ltr'>eos</span> <span class='ocrx_word' id='word_1_22' title='bbox 1355 632 1421 693; x_wconf 94' lang='lat' dir='ltr'>in</span> <span class='ocrx_word' id='word_1_23' title='bbox 1438 631 1778 692; x_wconf 88' lang='lat' dir='ltr'>montibus:</span> <span class='ocrx_word' id='word_1_24' title='bbox 1809 631 2101 712; x_wconf 90' lang='lat' dir='ltr'>quoniam</span> 
     </span>
     <span class='ocr_line' id='line_1_4' title="bbox 85 729 2097 813; baseline -0.002 -18"><span class='ocrx_word' id='word_1_25' title='bbox 85 732 271 795; x_wconf 79' lang='lat' dir='ltr'>dixit:</span> <span class='ocrx_word' id='word_1_26' title='bbox 323 732 595 813; x_wconf 86' lang='lat' dir='ltr'>Fugiunt</span> <span class='ocrx_word' id='word_1_27' title='bbox 643 733 709 792; x_wconf 88' lang='lat' dir='ltr'>hi</span> <span class='ocrx_word' id='word_1_28' title='bbox 757 753 793 791; x_wconf 92' lang='lat' dir='ltr'>a</span> <span class='ocrx_word' id='word_1_29' title='bbox 843 731 1036 793; x_wconf 74' lang='lat' dir='ltr'>nobis·</span> <span class='ocrx_word' id='word_1_30' title='bbox 1111 732 1135 766; x_wconf 77' lang='lat'>⁶</span> <span class='ocrx_word' id='word_1_31' title='bbox 1166 732 1253 793; x_wconf 86' lang='lat' dir='ltr'>Et</span> <span class='ocrx_word' id='word_1_32' title='bbox 1302 751 1442 790; x_wconf 93' lang='lat' dir='ltr'>cum</span> <span class='ocrx_word' id='word_1_33' title='bbox 1491 729 1620 790; x_wconf 90' lang='lat' dir='ltr'>dies</span> <span class='ocrx_word' id='word_1_34' title='bbox 1667 729 1872 790; x_wconf 79' lang='lat' dir='ltr'>sactus</span> <span class='ocrx_word' id='word_1_35' title='bbox 1921 737 2097 797; x_wconf 84' lang='lat' dir='ltr'>esset,</span> 
     </span>
     <span class='ocr_line' id='line_1_5' title="bbox 87 826 2093 908; baseline -0 -19"><span class='ocrx_word' id='word_1_36' title='bbox 87 830 374 908; x_wconf 89' lang='lat' dir='ltr'>apparuit</span> <span class='ocrx_word' id='word_1_37' title='bbox 410 829 596 891; x_wconf 92' lang='lat' dir='ltr'>Iudas</span> <span class='ocrx_word' id='word_1_38' title='bbox 621 829 687 891; x_wconf 89' lang='lat' dir='ltr'>in</span> <span class='ocrx_word' id='word_1_39' title='bbox 713 849 932 908; x_wconf 91' lang='lat' dir='ltr'>campo</span> <span class='ocrx_word' id='word_1_40' title='bbox 961 849 1103 889; x_wconf 90' lang='lat' dir='ltr'>cum</span> <span class='ocrx_word' id='word_1_41' title='bbox 1139 827 1341 888; x_wconf 88' lang='lat' dir='ltr'>tribus</span> <span class='ocrx_word' id='word_1_42' title='bbox 1373 826 1621 888; x_wconf 91' lang='lat' dir='ltr'>milibus</span> <span class='ocrx_word' id='word_1_43' title='bbox 1650 826 1922 888; x_wconf 86' lang='lat' dir='ltr'>uirorum</span> <span class='ocrx_word' id='word_1_44' title='bbox 1955 835 2093 888; x_wconf 91' lang='lat' dir='ltr'>tan-</span> 
     </span>
     <span class='ocr_line' id='line_1_6' title="bbox 79 923 2104 1008; baseline -0.001 -21"><span class='ocrx_word' id='word_1_45' title='bbox 79 935 242 989; x_wconf 90' lang='lat' dir='ltr'>tum:</span> <span class='ocrx_word' id='word_1_46' title='bbox 280 928 383 1008; x_wconf 86' lang='lat' dir='ltr'>qui</span> <span class='ocrx_word' id='word_1_47' title='bbox 406 934 780 1007; x_wconf 88' lang='lat' dir='ltr'>tegumenta,</span> <span class='ocrx_word' id='word_1_48' title='bbox 805 933 866 987; x_wconf 91' lang='lat' dir='ltr'>et</span> <span class='ocrx_word' id='word_1_49' title='bbox 892 927 1128 1006; x_wconf 83' lang='lat' dir='ltr'>gladios</span> <span class='ocrx_word' id='word_1_50' title='bbox 1151 946 1275 987; x_wconf 91' lang='lat' dir='ltr'>non</span> <span class='ocrx_word' id='word_1_51' title='bbox 1299 925 1641 986; x_wconf 88' lang='lat' dir='ltr'>habebant:</span> <span class='ocrx_word' id='word_1_52' title='bbox 1683 923 1708 960; x_wconf 83' lang='lat'>⁷</span> <span class='ocrx_word' id='word_1_53' title='bbox 1731 931 1791 984; x_wconf 91' lang='lat' dir='ltr'>et</span> <span class='ocrx_word' id='word_1_54' title='bbox 1813 925 2104 986; x_wconf 90' lang='lat' dir='ltr'>uiderunt</span> 
     </span>
     <span class='ocr_line' id='line_1_7' title="bbox 84 1022 2106 1102; baseline -0.001 -16"><span class='ocrx_word' id='word_1_55' title='bbox 84 1033 287 1086; x_wconf 86' lang='lat' dir='ltr'>castra</span> <span class='ocrx_word' id='word_1_56' title='bbox 315 1026 606 1087; x_wconf 91' lang='lat' dir='ltr'>Gentium</span> <span class='ocrx_word' id='word_1_57' title='bbox 633 1025 857 1094; x_wconf 87' lang='lat' dir='ltr'>ualida,</span> <span class='ocrx_word' id='word_1_58' title='bbox 891 1031 953 1085; x_wconf 90' lang='lat' dir='ltr'>et</span> <span class='ocrx_word' id='word_1_59' title='bbox 978 1022 1284 1091; x_wconf 87' lang='lat' dir='ltr'>loricatos,</span> <span class='ocrx_word' id='word_1_60' title='bbox 1319 1030 1381 1084; x_wconf 96' lang='lat' dir='ltr'>et</span> <span class='ocrx_word' id='word_1_61' title='bbox 1411 1023 1727 1102; x_wconf 84' lang='lat' dir='ltr'>equitatus</span> <span class='ocrx_word' id='word_1_62' title='bbox 1753 1022 1819 1084; x_wconf 90' lang='lat' dir='ltr'>in</span> <span class='ocrx_word' id='word_1_63' title='bbox 1845 1022 2106 1083; x_wconf 89' lang='lat' dir='ltr'>circuitu</span> 
     </span>
     <span class='ocr_line' id='line_1_8' title="bbox 88 1120 2102 1201; baseline -0 -19"><span class='ocrx_word' id='word_1_64' title='bbox 88 1144 316 1191; x_wconf 87' lang='lat' dir='ltr'>eorum,</span> <span class='ocrx_word' id='word_1_65' title='bbox 355 1129 417 1182; x_wconf 93' lang='lat' dir='ltr'>et</span> <span class='ocrx_word' id='word_1_66' title='bbox 451 1123 516 1183; x_wconf 88' lang='lat' dir='ltr'>hi</span> <span class='ocrx_word' id='word_1_67' title='bbox 549 1123 719 1185; x_wconf 93' lang='lat' dir='ltr'>docti</span> <span class='ocrx_word' id='word_1_68' title='bbox 760 1126 840 1184; x_wconf 92' lang='lat' dir='ltr'>ad</span> <span class='ocrx_word' id='word_1_69' title='bbox 877 1121 1194 1200; x_wconf 86' lang='lat' dir='ltr'>proelium.</span> <span class='ocrx_word' id='word_1_70' title='bbox 1269 1121 1293 1157; x_wconf 78' lang='lat'><strong>⁸</strong></span> <span class='ocrx_word' id='word_1_71' title='bbox 1323 1122 1410 1184; x_wconf 86' lang='lat' dir='ltr'>Et</span> <span class='ocrx_word' id='word_1_72' title='bbox 1450 1120 1539 1181; x_wconf 89' lang='lat' dir='ltr'>ait</span> <span class='ocrx_word' id='word_1_73' title='bbox 1574 1120 1765 1182; x_wconf 91' lang='lat' dir='ltr'>Iudas</span> <span class='ocrx_word' id='word_1_74' title='bbox 1801 1120 1965 1189; x_wconf 84' lang='lat' dir='ltr'>uiris,</span> <span class='ocrx_word' id='word_1_75' title='bbox 1998 1121 2102 1201; x_wconf 88' lang='lat' dir='ltr'>qui</span> 
     </span>
     <span class='ocr_line' id='line_1_9' title="bbox 86 1216 2101 1297; baseline -0 -16"><span class='ocrx_word' id='word_1_76' title='bbox 86 1241 304 1282; x_wconf 48' lang='lat' dir='ltr'>secumx</span> <span class='ocrx_word' id='word_1_77' title='bbox 325 1228 526 1282; x_wconf 91' lang='lat' dir='ltr'>erant:</span> <span class='ocrx_word' id='word_1_78' title='bbox 562 1221 655 1281; x_wconf 90' lang='lat' dir='ltr'>Ne</span> <span class='ocrx_word' id='word_1_79' title='bbox 695 1220 1026 1281; x_wconf 68' lang='lat' dir='ltr'><strong>timueritis</strong></span> <span class='ocrx_word' id='word_1_80' title='bbox 1060 1216 1523 1281; x_wconf 71' lang='lat' dir='ltr'>multitudinem</span> <span class='ocrx_word' id='word_1_81' title='bbox 1556 1238 1782 1287; x_wconf 85' lang='lat' dir='ltr'>eorum,</span> <span class='ocrx_word' id='word_1_82' title='bbox 1821 1225 1882 1278; x_wconf 92' lang='lat' dir='ltr'>et</span> <span class='ocrx_word' id='word_1_83' title='bbox 1914 1217 2101 1297; x_wconf 90' lang='lat' dir='ltr'>impe-</span> 
     </span>
     <span class='ocr_line' id='line_1_10' title="bbox 85 1315 2104 1396; baseline -0.001 -18"><span class='ocrx_word' id='word_1_84' title='bbox 85 1325 223 1379; x_wconf 92' lang='lat' dir='ltr'>tum</span> <span class='ocrx_word' id='word_1_85' title='bbox 250 1338 460 1379; x_wconf 90' lang='lat' dir='ltr'>eorum</span> <span class='ocrx_word' id='word_1_86' title='bbox 487 1339 563 1379; x_wconf 92' lang='lat' dir='ltr'>ne</span> <span class='ocrx_word' id='word_1_87' title='bbox 589 1316 949 1380; x_wconf 77' lang='lat' dir='ltr'>formidetis,</span> <span class='ocrx_word' id='word_1_88' title='bbox 1023 1317 1047 1351; x_wconf 82' lang='grc'>9</span> <span class='ocrx_word' id='word_1_89' title='bbox 1078 1315 1455 1378; x_wconf 70' lang='lat' dir='ltr'>Mementote</span> <span class='ocrx_word' id='word_1_90' title='bbox 1481 1315 1745 1396; x_wconf 81' lang='lat' dir='ltr'>qualiter</span> <span class='ocrx_word' id='word_1_91' title='bbox 1773 1315 1927 1377; x_wconf 88' lang='lat' dir='ltr'>salui</span> <span class='ocrx_word' id='word_1_92' title='bbox 1953 1316 2104 1377; x_wconf 81' lang='lat' dir='ltr'>facti</span> 
     </span>
     <span class='ocr_line' id='line_1_11' title="bbox 87 1396 2105 1495; baseline -0 -19"><span class='ocrx_word' id='word_1_93' title='bbox 87 1422 232 1477; x_wconf 89' lang='lat' dir='ltr'>sunt</span> <span class='ocrx_word' id='word_1_94' title='bbox 253 1423 462 1495; x_wconf 89' lang='lat' dir='ltr'>patres</span> <span class='ocrx_word' id='word_1_95' title='bbox 485 1416 679 1478; x_wconf 81' lang='lat' dir='ltr'>nostri</span> <span class='ocrx_word' id='word_1_96' title='bbox 700 1415 766 1478; x_wconf 91' lang='lat' dir='ltr'>in</span> <span class='ocrx_word' id='word_1_97' title='bbox 786 1415 941 1477; x_wconf 92' lang='lat' dir='ltr'>mari</span> <span class='ocrx_word' id='word_1_98' title='bbox 965 1396 1167 1486; x_wconf 77' lang='lat' dir='ltr'>rubr0‚</span> <span class='ocrx_word' id='word_1_99' title='bbox 1196 1436 1337 1476; x_wconf 91' lang='lat' dir='ltr'>cum</span> <span class='ocrx_word' id='word_1_100' title='bbox 1361 1420 1715 1494; x_wconf 86' lang='lat' dir='ltr'>sequeretur</span> <span class='ocrx_word' id='word_1_101' title='bbox 1740 1435 1842 1475; x_wconf 91' lang='lat' dir='ltr'>eos</span> <span class='ocrx_word' id='word_1_102' title='bbox 1863 1416 2105 1476; x_wconf 88' lang='lat' dir='ltr'>Pharao</span> 
     </span>
     <span class='ocr_line' id='line_1_12' title="bbox 89 1498 2107 1575; baseline 0 -1"><span class='ocrx_word' id='word_1_103' title='bbox 89 1535 230 1574; x_wconf 91' lang='lat' dir='ltr'>cum</span> <span class='ocrx_word' id='word_1_104' title='bbox 267 1514 538 1575; x_wconf 86' lang='lat' dir='ltr'>exercitu</span> <span class='ocrx_word' id='word_1_105' title='bbox 571 1515 789 1575; x_wconf 75' lang='lat' dir='ltr'>multo·</span> <span class='ocrx_word' id='word_1_106' title='bbox 860 1513 915 1548; x_wconf 72' lang='lat'>¹⁰</span> <span class='ocrx_word' id='word_1_107' title='bbox 945 1498 1032 1575; x_wconf 74' lang='lat' dir='ltr'>Et</span> <span class='ocrx_word' id='word_1_108' title='bbox 1066 1533 1231 1574; x_wconf 90' lang='lat' dir='ltr'>nunc</span> <span class='ocrx_word' id='word_1_109' title='bbox 1265 1512 1599 1574; x_wconf 87' lang='lat' dir='ltr'>clamemus</span> <span class='ocrx_word' id='word_1_110' title='bbox 1633 1511 1700 1573; x_wconf 92' lang='lat' dir='ltr'>in</span> <span class='ocrx_word' id='word_1_111' title='bbox 1731 1510 1996 1574; x_wconf 89' lang='lat' dir='ltr'>caelum:</span> <span class='ocrx_word' id='word_1_112' title='bbox 2043 1521 2107 1574; x_wconf 95' lang='lat' dir='ltr'>et</span> 
     </span>
     <span class='ocr_line' id='line_1_13' title="bbox 87 1610 2109 1678; baseline -0.001 -6"><span class='ocrx_word' id='word_1_113' title='bbox 87 1610 473 1673; x_wconf 88' lang='lat' dir='ltr'>miserebitur</span> <span class='ocrx_word' id='word_1_114' title='bbox 530 1612 725 1672; x_wconf 81' lang='lat' dir='ltr'>nostri</span> <span class='ocrx_word' id='word_1_115' title='bbox 780 1610 1100 1678; x_wconf 80' lang='lat' dir='ltr'>Dominus,</span> <span class='ocrx_word' id='word_1_116' title='bbox 1165 1618 1227 1671; x_wconf 90' lang='lat' dir='ltr'>et</span> <span class='ocrx_word' id='word_1_117' title='bbox 1284 1631 1518 1671; x_wconf 91' lang='lat' dir='ltr'>memor</span> <span class='ocrx_word' id='word_1_118' title='bbox 1576 1610 1691 1670; x_wconf 90' lang='lat' dir='ltr'>erit</span> <span class='ocrx_word' id='word_1_119' title='bbox 1748 1611 2109 1672; x_wconf 86' lang='lat' dir='ltr'>testamenti</span> 
     </span>
     <span class='ocr_line' id='line_1_14' title="bbox 85 1708 2108 1788; baseline 0 -19"><span class='ocrx_word' id='word_1_120' title='bbox 85 1716 336 1788; x_wconf 92' lang='lat' dir='ltr'>patrum</span> <span class='ocrx_word' id='word_1_121' title='bbox 358 1716 723 1778; x_wconf 88' lang='lat' dir='ltr'>nostrorum,</span> <span class='ocrx_word' id='word_1_122' title='bbox 753 1716 814 1769; x_wconf 91' lang='lat' dir='ltr'>et</span> <span class='ocrx_word' id='word_1_123' title='bbox 837 1715 1112 1770; x_wconf 92' lang='lat' dir='ltr'>conteret</span> <span class='ocrx_word' id='word_1_124' title='bbox 1135 1708 1470 1770; x_wconf 84' lang='lat' dir='ltr'>exercitum</span> <span class='ocrx_word' id='word_1_125' title='bbox 1496 1708 1687 1768; x_wconf 87' lang='lat' dir='ltr'>istum</span> <span class='ocrx_word' id='word_1_126' title='bbox 1716 1715 1861 1769; x_wconf 90' lang='lat' dir='ltr'>ante</span> <span class='ocrx_word' id='word_1_127' title='bbox 1887 1708 2108 1770; x_wconf 82' lang='lat' dir='ltr'>faciem</span> 
     </span>
     <span class='ocr_line' id='line_1_15' title="bbox 88 1806 2105 1886; baseline -0.001 -18"><span class='ocrx_word' id='word_1_128' title='bbox 88 1813 362 1868; x_wconf 85' lang='lat' dir='ltr'>nostram</span> <span class='ocrx_word' id='word_1_129' title='bbox 393 1807 602 1868; x_wconf 88' lang='lat' dir='ltr'>hodie:</span> <span class='ocrx_word' id='word_1_130' title='bbox 624 1806 673 1841; x_wconf 67' lang='lat'>1³</span> <span class='ocrx_word' id='word_1_131' title='bbox 710 1812 772 1867; x_wconf 92' lang='lat' dir='ltr'>et</span> <span class='ocrx_word' id='word_1_132' title='bbox 804 1806 997 1867; x_wconf 88' lang='lat' dir='ltr'>scient</span> <span class='ocrx_word' id='word_1_133' title='bbox 1029 1827 1239 1867; x_wconf 90' lang='lat' dir='ltr'>omnes</span> <span class='ocrx_word' id='word_1_134' title='bbox 1268 1813 1481 1884; x_wconf 82' lang='lat' dir='ltr'>gentes</span> <span class='ocrx_word' id='word_1_135' title='bbox 1512 1806 1658 1886; x_wconf 90' lang='lat' dir='ltr'>quia</span> <span class='ocrx_word' id='word_1_136' title='bbox 1690 1812 1783 1865; x_wconf 90' lang='lat' dir='ltr'>est</span> <span class='ocrx_word' id='word_1_137' title='bbox 1814 1807 1922 1886; x_wconf 91' lang='lat' dir='ltr'>qui</span> <span class='ocrx_word' id='word_1_138' title='bbox 1951 1806 2105 1868; x_wconf 91' lang='lat' dir='ltr'>redi-</span> 
     </span>
     <span class='ocr_line' id='line_1_16' title="bbox 87 1901 2108 1981; baseline -0 -17"><span class='ocrx_word' id='word_1_139' title='bbox 87 1910 238 1972; x_wconf 83' lang='lat' dir='ltr'>mat,</span> <span class='ocrx_word' id='word_1_140' title='bbox 260 1910 322 1964; x_wconf 93' lang='lat' dir='ltr'>et</span> <span class='ocrx_word' id='word_1_141' title='bbox 338 1902 555 1964; x_wconf 87' lang='lat' dir='ltr'>liberet</span> <span class='ocrx_word' id='word_1_142' title='bbox 572 1902 824 1964; x_wconf 89' lang='lat' dir='ltr'>Israhel.</span> <span class='ocrx_word' id='word_1_143' title='bbox 894 1903 948 1938; x_wconf 75' lang='lat'>12</span> <span class='ocrx_word' id='word_1_144' title='bbox 978 1905 1064 1966; x_wconf 88' lang='lat' dir='ltr'>Et</span> <span class='ocrx_word' id='word_1_145' title='bbox 1089 1902 1487 1963; x_wconf 91' lang='lat' dir='ltr'>eleuauerunt</span> <span class='ocrx_word' id='word_1_146' title='bbox 1511 1901 1883 1981; x_wconf 86' lang='lat' dir='ltr'>alienigenae</span> <span class='ocrx_word' id='word_1_147' title='bbox 1902 1905 2108 1963; x_wconf 88' lang='lat' dir='ltr'>oculos</span> 
     </span>
     <span class='ocr_line' id='line_1_17' title="bbox 42 1999 2107 2069; baseline 0.001 -8"><span class='ocrx_word' id='word_1_148' title='bbox 42 2020 44 2022; x_wconf 86' lang='grc'><strong><em>·</em></strong></span> <span class='ocrx_word' id='word_1_149' title='bbox 87 2022 246 2069; x_wconf 88' lang='lat' dir='ltr'>suos,</span> <span class='ocrx_word' id='word_1_150' title='bbox 283 2008 344 2061; x_wconf 94' lang='lat' dir='ltr'>et</span> <span class='ocrx_word' id='word_1_151' title='bbox 374 2001 663 2063; x_wconf 91' lang='lat' dir='ltr'>uiderunt</span> <span class='ocrx_word' id='word_1_152' title='bbox 693 2022 795 2061; x_wconf 91' lang='lat' dir='ltr'>eos</span> <span class='ocrx_word' id='word_1_153' title='bbox 824 2000 1141 2062; x_wconf 89' lang='lat' dir='ltr'>uenientes</span> <span class='ocrx_word' id='word_1_154' title='bbox 1171 2022 1246 2062; x_wconf 82' lang='lat' dir='ltr'>ex</span> <span class='ocrx_word' id='word_1_155' title='bbox 1277 2004 1554 2063; x_wconf 90' lang='lat' dir='ltr'>aduerso.</span> <span class='ocrx_word' id='word_1_156' title='bbox 1625 1999 1679 2035; x_wconf 79' lang='lat'>¹³</span> <span class='ocrx_word' id='word_1_157' title='bbox 1709 2001 1795 2062; x_wconf 89' lang='lat' dir='ltr'>Et</span> <span class='ocrx_word' id='word_1_158' title='bbox 1826 2002 2107 2063; x_wconf 85' lang='lat' dir='ltr'>exierunt</span> 
     </span>
     <span class='ocr_line' id='line_1_18' title="bbox 88 2078 2094 2178; baseline 0 -18"><span class='ocrx_word' id='word_1_159' title='bbox 88 2101 164 2160; x_wconf 90' lang='lat' dir='ltr'>de</span> <span class='ocrx_word' id='word_1_160' title='bbox 191 2078 407 2159; x_wconf 89' lang='lat' dir='ltr'>castris</span> <span class='ocrx_word' id='word_1_161' title='bbox 431 2097 497 2160; x_wconf 90' lang='lat' dir='ltr'>in</span> <span class='ocrx_word' id='word_1_162' title='bbox 522 2097 836 2176; x_wconf 87' lang='lat' dir='ltr'>proelium,</span> <span class='ocrx_word' id='word_1_163' title='bbox 860 2105 921 2159; x_wconf 92' lang='lat' dir='ltr'>et</span> <span class='ocrx_word' id='word_1_164' title='bbox 946 2098 1101 2160; x_wconf 88' lang='lat' dir='ltr'>tuba</span> <span class='ocrx_word' id='word_1_165' title='bbox 1126 2099 1478 2160; x_wconf 90' lang='lat' dir='ltr'>cecinerunt</span> <span class='ocrx_word' id='word_1_166' title='bbox 1504 2099 1585 2167; x_wconf 88' lang='lat' dir='ltr'>hi,</span> <span class='ocrx_word' id='word_1_167' title='bbox 1618 2099 1724 2178; x_wconf 91' lang='lat' dir='ltr'>qui</span> <span class='ocrx_word' id='word_1_168' title='bbox 1751 2087 1927 2160; x_wconf 91' lang='lat' dir='ltr'>erant</span> <span class='ocrx_word' id='word_1_169' title='bbox 1954 2121 2094 2161; x_wconf 92' lang='lat' dir='ltr'>cum</span> 
     </span>
     <span class='ocr_line' id='line_1_19' title="bbox 87 2196 2106 2276; baseline 0.002 -21"><span class='ocrx_word' id='word_1_170' title='bbox 87 2197 273 2259; x_wconf 89' lang='lat' dir='ltr'>Iuda:</span> <span class='ocrx_word' id='word_1_171' title='bbox 313 2197 366 2232; x_wconf 75' lang='lat'>¹4</span> <span class='ocrx_word' id='word_1_172' title='bbox 402 2198 487 2258; x_wconf 87' lang='lat' dir='ltr'>Et</span> <span class='ocrx_word' id='word_1_173' title='bbox 534 2198 836 2276; x_wconf 81' lang='lat' dir='ltr'>congressi</span> <span class='ocrx_word' id='word_1_174' title='bbox 884 2204 1054 2258; x_wconf 90' lang='lat' dir='ltr'>sunt:</span> <span class='ocrx_word' id='word_1_175' title='bbox 1106 2205 1170 2259; x_wconf 92' lang='lat' dir='ltr'>et</span> <span class='ocrx_word' id='word_1_176' title='bbox 1217 2196 1520 2259; x_wconf 80' lang='lat' dir='ltr'>contritae</span> <span class='ocrx_word' id='word_1_177' title='bbox 1563 2204 1708 2259; x_wconf 91' lang='lat' dir='ltr'>sunt</span> <span class='ocrx_word' id='word_1_178' title='bbox 1750 2198 1993 2267; x_wconf 82' lang='lat' dir='ltr'>Gentes,</span> <span class='ocrx_word' id='word_1_179' title='bbox 2042 2207 2106 2259; x_wconf 96' lang='lat' dir='ltr'>et</span> 
     </span>
     <span class='ocr_line' id='line_1_20' title="bbox 87 2285 2104 2374; baseline 0.001 -20"><span class='ocrx_word' id='word_1_180' title='bbox 87 2295 376 2373; x_wconf 76' lang='lat' dir='ltr'>fugerunt</span> <span class='ocrx_word' id='word_1_181' title='bbox 394 2294 459 2356; x_wconf 91' lang='lat' dir='ltr'>in</span> <span class='ocrx_word' id='word_1_182' title='bbox 479 2308 783 2374; x_wconf 92' lang='lat' dir='ltr'>campum.</span> <span class='ocrx_word' id='word_1_183' title='bbox 854 2295 908 2330; x_wconf 77' lang='lat'>1⁵</span> <span class='ocrx_word' id='word_1_184' title='bbox 939 2294 1271 2356; x_wconf 90' lang='lat' dir='ltr'>Nouissimi</span> <span class='ocrx_word' id='word_1_185' title='bbox 1293 2302 1502 2356; x_wconf 92' lang='lat' dir='ltr'>autem</span> <span class='ocrx_word' id='word_1_186' title='bbox 1524 2316 1732 2356; x_wconf 91' lang='lat' dir='ltr'>omnes</span> <span class='ocrx_word' id='word_1_187' title='bbox 1752 2285 2104 2358; x_wconf 88' lang='lat' dir='ltr'>ceciderunt</span> 
     </span>
     <span class='ocr_line' id='line_1_21' title="bbox 84 2393 2104 2473; baseline 0.002 -22"><span class='ocrx_word' id='word_1_188' title='bbox 84 2393 151 2454; x_wconf 92' lang='lat' dir='ltr'>in</span> <span class='ocrx_word' id='word_1_189' title='bbox 177 2393 395 2473; x_wconf 84' lang='lat' dir='ltr'>gladio,</span> <span class='ocrx_word' id='word_1_190' title='bbox 428 2401 490 2454; x_wconf 96' lang='lat' dir='ltr'>et</span> <span class='ocrx_word' id='word_1_191' title='bbox 517 2393 820 2472; x_wconf 78' lang='lat' dir='ltr'>persecuti</span> <span class='ocrx_word' id='word_1_192' title='bbox 853 2401 997 2455; x_wconf 91' lang='lat' dir='ltr'>sunt</span> <span class='ocrx_word' id='word_1_193' title='bbox 1041 2414 1143 2454; x_wconf 91' lang='lat' dir='ltr'>eos</span> <span class='ocrx_word' id='word_1_194' title='bbox 1187 2414 1381 2473; x_wconf 89' lang='lat' dir='ltr'>usque</span> <span class='ocrx_word' id='word_1_195' title='bbox 1409 2393 1696 2464; x_wconf 85' lang='lat' dir='ltr'>Gezeron,</span> <span class='ocrx_word' id='word_1_196' title='bbox 1730 2400 1792 2453; x_wconf 91' lang='lat' dir='ltr'>et</span> <span class='ocrx_word' id='word_1_197' title='bbox 1818 2414 2011 2473; x_wconf 87' lang='lat' dir='ltr'>usque</span> <span class='ocrx_word' id='word_1_198' title='bbox 2038 2393 2104 2456; x_wconf 89' lang='lat' dir='ltr'>in</span> 
     </span>
     <span class='ocr_line' id='line_1_22' title="bbox 90 2482 2104 2571; baseline 0 -19"><span class='ocrx_word' id='word_1_199' title='bbox 90 2513 338 2571; x_wconf 89' lang='lat' dir='ltr'>campos</span> <span class='ocrx_word' id='word_1_200' title='bbox 383 2493 731 2559; x_wconf 85' lang='lat' dir='ltr'>Idumaeae,</span> <span class='ocrx_word' id='word_1_201' title='bbox 784 2497 846 2552; x_wconf 91' lang='lat' dir='ltr'>et</span> <span class='ocrx_word' id='word_1_202' title='bbox 900 2492 1099 2560; x_wconf 89' lang='lat' dir='ltr'>Azoti‚</span> <span class='ocrx_word' id='word_1_203' title='bbox 1155 2498 1217 2551; x_wconf 91' lang='lat' dir='ltr'>et</span> <span class='ocrx_word' id='word_1_204' title='bbox 1267 2492 1569 2553; x_wconf 85' lang='lat' dir='ltr'>Iamniae:</span> <span class='ocrx_word' id='word_1_205' title='bbox 1631 2498 1693 2551; x_wconf 94' lang='lat' dir='ltr'>et</span> <span class='ocrx_word' id='word_1_206' title='bbox 1754 2482 2104 2554; x_wconf 88' lang='lat' dir='ltr'>ceciderunt</span> 
     </span>
     <span class='ocr_line' id='line_1_23' title="bbox 91 2588 2103 2670; baseline 0 -22"><span class='ocrx_word' id='word_1_207' title='bbox 91 2610 167 2651; x_wconf 84' lang='lat' dir='ltr'>ex</span> <span class='ocrx_word' id='word_1_208' title='bbox 242 2588 360 2649; x_wconf 90' lang='lat' dir='ltr'>illis</span> <span class='ocrx_word' id='word_1_209' title='bbox 413 2610 606 2670; x_wconf 90' lang='lat' dir='ltr'>usque</span> <span class='ocrx_word' id='word_1_210' title='bbox 664 2593 744 2652; x_wconf 90' lang='lat' dir='ltr'>ad</span> <span class='ocrx_word' id='word_1_211' title='bbox 783 2589 918 2657; x_wconf 51' lang='lat' dir='ltr'>,tria</span> <span class='ocrx_word' id='word_1_212' title='bbox 982 2589 1150 2650; x_wconf 81' lang='lat' dir='ltr'>milia</span> <span class='ocrx_word' id='word_1_213' title='bbox 1205 2590 1495 2651; x_wconf 89' lang='lat' dir='ltr'>uirorum.</span> <span class='ocrx_word' id='word_1_214' title='bbox 1594 2590 1648 2624; x_wconf 71' lang='lat'>1⁶</span> <span class='ocrx_word' id='word_1_215' title='bbox 1677 2590 1764 2651; x_wconf 86' lang='lat' dir='ltr'>Et</span> <span class='ocrx_word' id='word_1_216' title='bbox 1827 2611 2103 2651; x_wconf 85' lang='lat' dir='ltr'>reuersus</span> 
     </span>
     <span class='ocr_line' id='line_1_24' title="bbox 89 2682 2099 2768; baseline 0.002 -20"><span class='ocrx_word' id='word_1_217' title='bbox 89 2693 183 2748; x_wconf 89' lang='lat' dir='ltr'>est</span> <span class='ocrx_word' id='word_1_218' title='bbox 217 2688 420 2756; x_wconf 77' lang='lat' dir='ltr'>IudaS,</span> <span class='ocrx_word' id='word_1_219' title='bbox 459 2694 522 2747; x_wconf 91' lang='lat' dir='ltr'>et</span> <span class='ocrx_word' id='word_1_220' title='bbox 556 2687 858 2749; x_wconf 83' lang='lat' dir='ltr'>exercitus</span> <span class='ocrx_word' id='word_1_221' title='bbox 892 2687 1036 2758; x_wconf 78' lang='lat' dir='ltr'>eiUS,</span> <span class='ocrx_word' id='word_1_222' title='bbox 1077 2709 1336 2768; x_wconf 90' lang='lat' dir='ltr'>sequens</span> <span class='ocrx_word' id='word_1_223' title='bbox 1368 2709 1527 2749; x_wconf 91' lang='lat' dir='ltr'>eum.</span> <span class='ocrx_word' id='word_1_224' title='bbox 1598 2682 1652 2723; x_wconf 78' lang='lat'>¹⁷</span> <span class='ocrx_word' id='word_1_225' title='bbox 1682 2687 1985 2768; x_wconf 84' lang='lat' dir='ltr'>Dixitque</span> <span class='ocrx_word' id='word_1_226' title='bbox 2019 2691 2099 2752; x_wconf 88' lang='lat' dir='ltr'>ad</span> 
     </span>
     <span class='ocr_line' id='line_1_25' title="bbox 87 2778 2103 2866; baseline 0.001 -21"><span class='ocrx_word' id='word_1_227' title='bbox 87 2785 410 2864; x_wconf 88' lang='lat' dir='ltr'>populum:</span> <span class='ocrx_word' id='word_1_228' title='bbox 440 2788 582 2847; x_wconf 90' lang='lat' dir='ltr'>Non</span> <span class='ocrx_word' id='word_1_229' title='bbox 606 2786 1051 2865; x_wconf 82' lang='lat' dir='ltr'>concupiscaris</span> <span class='ocrx_word' id='word_1_230' title='bbox 1077 2786 1295 2866; x_wconf 88' lang='lat' dir='ltr'>spolia:</span> <span class='ocrx_word' id='word_1_231' title='bbox 1326 2779 1470 2866; x_wconf 89' lang='lat' dir='ltr'>quia</span> <span class='ocrx_word' id='word_1_232' title='bbox 1496 2778 1724 2846; x_wconf 88' lang='lat' dir='ltr'>bellum</span> <span class='ocrx_word' id='word_1_233' title='bbox 1751 2779 1966 2846; x_wconf 89' lang='lat' dir='ltr'>contra</span> <span class='ocrx_word' id='word_1_234' title='bbox 1993 2795 2103 2848; x_wconf 90' lang='lat' dir='ltr'>nos</span> 
     </span>
     <span class='ocr_line' id='line_1_26' title="bbox 91 2877 2101 2964; baseline 0.002 -22"><span class='ocrx_word' id='word_1_235' title='bbox 91 2890 200 2952; x_wconf 86' lang='lat' dir='ltr'>est,</span> <span class='ocrx_word' id='word_1_236' title='bbox 224 2882 278 2918; x_wconf 74' lang='lat'>1⁸</span> <span class='ocrx_word' id='word_1_237' title='bbox 309 2891 371 2944; x_wconf 91' lang='lat' dir='ltr'>et</span> <span class='ocrx_word' id='word_1_238' title='bbox 402 2884 655 2964; x_wconf 81' lang='lat' dir='ltr'>Gorgias</span> <span class='ocrx_word' id='word_1_239' title='bbox 686 2892 748 2945; x_wconf 91' lang='lat' dir='ltr'>et</span> <span class='ocrx_word' id='word_1_240' title='bbox 779 2885 1081 2946; x_wconf 85' lang='lat' dir='ltr'>exercitus</span> <span class='ocrx_word' id='word_1_241' title='bbox 1113 2885 1242 2945; x_wconf 88' lang='lat' dir='ltr'>eius</span> <span class='ocrx_word' id='word_1_242' title='bbox 1270 2905 1460 2964; x_wconf 87' lang='lat' dir='ltr'>prope</span> <span class='ocrx_word' id='word_1_243' title='bbox 1491 2904 1602 2945; x_wconf 92' lang='lat' dir='ltr'>nos</span> <span class='ocrx_word' id='word_1_244' title='bbox 1630 2877 1696 2945; x_wconf 91' lang='lat' dir='ltr'>in</span> <span class='ocrx_word' id='word_1_245' title='bbox 1725 2892 1960 2945; x_wconf 90' lang='lat' dir='ltr'>monte:</span> <span class='ocrx_word' id='word_1_246' title='bbox 1995 2888 2101 2946; x_wconf 87' lang='lat' dir='ltr'>sed</span> 
     </span>
     <span class='ocr_line' id='line_1_27' title="bbox 90 2980 2107 3060; baseline 0 -20"><span class='ocrx_word' id='word_1_247' title='bbox 90 2988 253 3041; x_wconf 90' lang='lat' dir='ltr'>state</span> <span class='ocrx_word' id='word_1_248' title='bbox 295 3003 456 3043; x_wconf 93' lang='lat' dir='ltr'>nunc</span> <span class='ocrx_word' id='word_1_249' title='bbox 498 2988 713 3042; x_wconf 89' lang='lat' dir='ltr'>contra</span> <span class='ocrx_word' id='word_1_250' title='bbox 754 2980 1033 3043; x_wconf 89' lang='lat' dir='ltr'>inimicos</span> <span class='ocrx_word' id='word_1_251' title='bbox 1076 2990 1332 3051; x_wconf 80' lang='lat' dir='ltr'>nostrOS,</span> <span class='ocrx_word' id='word_1_252' title='bbox 1381 2988 1443 3042; x_wconf 90' lang='lat' dir='ltr'>et</span> <span class='ocrx_word' id='word_1_253' title='bbox 1487 2990 1833 3060; x_wconf 86' lang='lat' dir='ltr'>expugnate</span> <span class='ocrx_word' id='word_1_254' title='bbox 1876 3004 1994 3050; x_wconf 84' lang='lat' dir='ltr'>eos,</span> <span class='ocrx_word' id='word_1_255' title='bbox 2044 2988 2107 3042; x_wconf 94' lang='lat' dir='ltr'>et</span> 
     </span>
     <span class='ocr_line' id='line_1_28' title="bbox 89 3077 2097 3160; baseline 0.001 -22"><span class='ocrx_word' id='word_1_256' title='bbox 89 3080 348 3140; x_wconf 91' lang='lat' dir='ltr'>sumetis·</span> <span class='ocrx_word' id='word_1_257' title='bbox 388 3088 602 3159; x_wconf 90' lang='lat' dir='ltr'>postea</span> <span class='ocrx_word' id='word_1_258' title='bbox 644 3080 834 3159; x_wconf 90' lang='lat' dir='ltr'>spolia</span> <span class='ocrx_word' id='word_1_259' title='bbox 878 3081 1088 3141; x_wconf 86' lang='lat' dir='ltr'>securi.</span> <span class='ocrx_word' id='word_1_260' title='bbox 1159 3081 1212 3116; x_wconf 79' lang='lat'>1⁹</span> <span class='ocrx_word' id='word_1_261' title='bbox 1243 3081 1328 3142; x_wconf 85' lang='lat' dir='ltr'>Et</span> <span class='ocrx_word' id='word_1_262' title='bbox 1368 3082 1568 3142; x_wconf 90' lang='lat' dir='ltr'>adhuc</span> <span class='ocrx_word' id='word_1_263' title='bbox 1606 3079 1898 3160; x_wconf 89' lang='lat' dir='ltr'>loquente</span> <span class='ocrx_word' id='word_1_264' title='bbox 1940 3077 2097 3141; x_wconf 90' lang='lat' dir='ltr'>Iuda</span> 
     </span>
     <span class='ocr_line' id='line_1_29' title="bbox 88 3177 2098 3258; baseline 0.001 -23"><span class='ocrx_word' id='word_1_265' title='bbox 88 3178 259 3246; x_wconf 89' lang='lat' dir='ltr'>haec,</span> <span class='ocrx_word' id='word_1_266' title='bbox 285 3196 443 3258; x_wconf 66' lang='lat' dir='ltr'>‘ecce</span> <span class='ocrx_word' id='word_1_267' title='bbox 487 3179 773 3257; x_wconf 78' lang='lat' dir='ltr'>apparuit</span> <span class='ocrx_word' id='word_1_268' title='bbox 816 3177 959 3258; x_wconf 85' lang='lat' dir='ltr'>pars</span> <span class='ocrx_word' id='word_1_269' title='bbox 982 3178 1306 3258; x_wconf 59' lang='lat' dir='ltr'>&#39;quaedam</span> <span class='ocrx_word' id='word_1_270' title='bbox 1348 3177 1721 3257; x_wconf 89' lang='lat' dir='ltr'>prospiciens</span> <span class='ocrx_word' id='word_1_271' title='bbox 1756 3182 1832 3241; x_wconf 92' lang='lat' dir='ltr'>de</span> <span class='ocrx_word' id='word_1_272' title='bbox 1870 3187 2098 3241; x_wconf 92' lang='lat' dir='ltr'>monte.</span> 
     </span>
     <span class='ocr_line' id='line_1_30' title="bbox 82 3272 2103 3359; baseline 0 -23"><span class='ocrx_word' id='word_1_273' title='bbox 82 3273 135 3309; x_wconf 82' lang='lat'>²⁰</span> <span class='ocrx_word' id='word_1_274' title='bbox 163 3275 248 3336; x_wconf 83' lang='lat' dir='ltr'>Et</span> <span class='ocrx_word' id='word_1_275' title='bbox 288 3272 453 3336; x_wconf 69' lang='lat' dir='ltr'>uidit*</span> <span class='ocrx_word' id='word_1_276' title='bbox 485 3275 744 3359; x_wconf 73' lang='lat' dir='ltr'>⁴Gorgias</span> <span class='ocrx_word' id='word_1_277' title='bbox 766 3274 954 3356; x_wconf 58' lang='lat' dir='ltr'>&lt;quod</span> <span class='ocrx_word' id='word_1_278' title='bbox 996 3275 1062 3334; x_wconf 92' lang='lat' dir='ltr'>in</span> <span class='ocrx_word' id='word_1_279' title='bbox 1102 3276 1313 3355; x_wconf 81' lang='lat' dir='ltr'>fugam</span> <span class='ocrx_word' id='word_1_280' title='bbox 1355 3277 1631 3338; x_wconf 89' lang='lat' dir='ltr'>conuersi</span> <span class='ocrx_word' id='word_1_281' title='bbox 1674 3284 1816 3339; x_wconf 91' lang='lat' dir='ltr'>sunt</span> <span class='ocrx_word' id='word_1_282' title='bbox 1862 3276 1970 3344; x_wconf 89' lang='lat' dir='ltr'>sui,</span> <span class='ocrx_word' id='word_1_283' title='bbox 2040 3284 2103 3337; x_wconf 89' lang='lat' dir='ltr'>et</span> 
     </span>
     <span class='ocr_line' id='line_1_31' title="bbox 92 3372 2097 3457; baseline 0.002 -27"><span class='ocrx_word' id='word_1_284' title='bbox 92 3375 542 3435; x_wconf 48' lang='lat' dir='ltr'>succenderunt*</span> <span class='ocrx_word' id='word_1_285' title='bbox 556 3374 782 3434; x_wconf 76' lang='lat' dir='ltr'>castra:</span> <span class='ocrx_word' id='word_1_286' title='bbox 805 3372 1015 3436; x_wconf 65' lang='lat' dir='ltr'>&#39;fumus</span> <span class='ocrx_word' id='word_1_287' title='bbox 1038 3375 1216 3444; x_wconf 85' lang='lat' dir='ltr'>enim,</span> <span class='ocrx_word' id='word_1_288' title='bbox 1247 3375 1352 3454; x_wconf 91' lang='lat' dir='ltr'>qui</span> <span class='ocrx_word' id='word_1_289' title='bbox 1375 3375 1716 3442; x_wconf 84' lang='lat' dir='ltr'>uidebatur,</span> <span class='ocrx_word' id='word_1_290' title='bbox 1746 3372 2097 3457; x_wconf 83' lang='lat' dir='ltr'>declarabat</span> 
     </span>
     <span class='ocr_line' id='line_1_32' title="bbox 93 3469 2094 3551; baseline 0 -20"><span class='ocrx_word' id='word_1_291' title='bbox 93 3473 259 3551; x_wconf 91' lang='lat' dir='ltr'>quod</span> <span class='ocrx_word' id='word_1_292' title='bbox 284 3470 520 3531; x_wconf 55' lang='lat' dir='ltr'>fact-iim</span> <span class='ocrx_word' id='word_1_293' title='bbox 544 3470 660 3530; x_wconf 60' lang='lat' dir='ltr'>est.=</span> <span class='ocrx_word' id='word_1_294' title='bbox 728 3471 778 3507; x_wconf 77' lang='lat'>2¹</span> <span class='ocrx_word' id='word_1_295' title='bbox 804 3469 1043 3544; x_wconf 76' lang='lat' dir='ltr'>Quibus</span> <span class='ocrx_word' id='word_1_296' title='bbox 1063 3471 1514 3550; x_wconf 81' lang='lat' dir='ltr'>illisconspectis</span> <span class='ocrx_word' id='word_1_297' title='bbox 1534 3471 1874 3540; x_wconf 88' lang='lat' dir='ltr'>timuerunt</span> <span class='ocrx_word' id='word_1_298' title='bbox 1896 3469 2094 3538; x_wconf 87' lang='lat' dir='ltr'>ualde,</span> 
     </span>
     <span class='ocr_line' id='line_1_33' title="bbox 95 3567 2097 3647; baseline 0 -19"><span class='ocrx_word' id='word_1_299' title='bbox 95 3568 455 3646; x_wconf 87' lang='lat' dir='ltr'>aspicientes</span> <span class='ocrx_word' id='word_1_300' title='bbox 480 3567 658 3628; x_wconf 91' lang='lat' dir='ltr'>simul</span> <span class='ocrx_word' id='word_1_301' title='bbox 683 3576 745 3629; x_wconf 91' lang='lat' dir='ltr'>et</span> <span class='ocrx_word' id='word_1_302' title='bbox 770 3568 1009 3638; x_wconf 87' lang='lat' dir='ltr'>Iudam,</span> <span class='ocrx_word' id='word_1_303' title='bbox 1039 3577 1101 3630; x_wconf 89' lang='lat' dir='ltr'>et</span> <span class='ocrx_word' id='word_1_304' title='bbox 1125 3569 1460 3631; x_wconf 85' lang='lat' dir='ltr'>exercitum</span> <span class='ocrx_word' id='word_1_305' title='bbox 1481 3569 1547 3631; x_wconf 90' lang='lat' dir='ltr'>in</span> <span class='ocrx_word' id='word_1_306' title='bbox 1570 3589 1787 3647; x_wconf 88' lang='lat' dir='ltr'>campo</span> <span class='ocrx_word' id='word_1_307' title='bbox 1810 3576 2097 3647; x_wconf 89' lang='lat' dir='ltr'>paratum</span> 
     </span>
    </p>
   </div>
  </div>
 </body>
</html>
