2384 3970
734 328 763 384 1
810 310 1515 385 MAOHABAEORUM
2015 325 2094 381 43

87 538 159 593 ut
175 530 452 591 mitteret
469 533 550 592 ad
566 550 669 590 eos
684 529 1021 590 exercitum
1031 532 1110 590 ad
1120 530 1572 595 conterendam,
1588 535 1649 587 et
1667 506 2098 605 extirpandam

88 629 385 691 uirtutem
427 625 676 697 Israhel,
723 634 786 688 et
825 626 1113 708 reliquias
1152 624 1557 694 Hierusalem,
1604 633 1666 685 et
1707 625 2102 686 auferendam

89 725 444 789 memoriam
475 746 684 786 eorum
715 727 790 787 de
818 724 980 785 loco:
1009 724 1059 759 ³⁶
1092 731 1154 785 et
1185 731 1256 784 ut
1288 723 1692 784 constitueret
1721 724 2101 785 habitatores

84 823 245 894 filios
278 823 643 904 alienigenas
676 823 742 884 in
775 822 1056 884 omnibus
1087 822 1314 885 finibus
1347 840 1574 888 eorum,
1612 828 1674 880 et
1708 827 1870 880 sorte
1902 820 2104 882 distri-

90 923 306 984 bueret
330 930 558 982 terram
584 941 812 981 eorum.
886 920 938 956 ³⁷
967 922 1065 984 Et
1077 940 1185 980 rex
1212 918 1512 981 adsumsit
1537 925 1777 997 partem
1803 918 2104 980 exercitus
2136 903 2144 970 s

89 1019 333 1088 residui,
363 1026 426 1080 et
450 1018 644 1080 exiuit
670 1018 748 1078 ab
774 1016 1103 1078 Antiochia
1128 1016 1383 1076 ciuitate
1405 1015 1576 1093 regni
1599 1015 1693 1075 sui
1718 1036 1880 1076 anno
1903 1024 2106 1076 cente-

93 1118 248 1180 simo
279 1125 341 1179 et
373 1117 839 1198 quadragesimo
870 1116 1157 1195 septimo:
1194 1122 1255 1175 et
1286 1114 1714 1175 transfretauit
1744 1115 2107 1193 Euphraten

97 1216 343 1286 flumen,
382 1223 445 1277 et
475 1215 946 1295 perambulabat
979 1213 1317 1293 superiores
1345 1212 1636 1293 regiones

165 1315 216 1351 ³⁸
245 1315 332 1378 Et
393 1313 574 1393 elegit
624 1313 842 1393 Lysias
891 1312 1315 1373 Ptolemaeum
1378 1309 1572 1371 filium
1634 1309 1975 1389 Dorymini,
2045 1318 2108 1371 et

95 1412 480 1480 Nicanorem,
534 1419 596 1472 et
644 1410 970 1491 Gorgiam‚.
1001 1410 1166 1470 uiros
1211 1416 1497 1488 potentes
1543 1429 1619 1470 ex
1669 1407 1879 1469 amicis
1924 1410 2107 1488 regis:

89 1510 140 1547 ³⁹
172 1518 234 1573 et
272 1509 440 1571 misit
479 1530 619 1570 cum
661 1509 747 1570 eis
787 1506 1196 1588 quadraginta
1235 1504 1404 1567 milia
1441 1507 1730 1574 uirorum,
1774 1514 1836 1567 et
1875 1515 2110 1586 septem

16 1658 22 1664 ,
98 1607 268 1671 milia
300 1609 581 1690 equitum
613 1597 684 1671 ut
718 1607 999 1668 uenirent
1031 1606 1097 1668 in
1126 1613 1356 1668 terram
1383 1605 1562 1673 Iuda,
1600 1613 1662 1666 et
1695 1606 2114 1685 disperderent

98 1728 236 1768 eam
296 1707 631 1767 secundum
691 1704 950 1765 uerbum
1008 1703 1184 1782 regis.
1267 1702 1322 1738 4⁰
1343 1702 1428 1764 Et
1489 1711 1912 1780 processerunt
1973 1725 2113 1766 cum

98 1806 384 1867 uniuersa
406 1804 638 1866 uirtute
662 1824 790 1873 sua,
817 1810 880 1864 et
902 1811 1221 1871 uenerunt,
1250 1810 1312 1863 et
1336 1801 1762 1880 adplicuerunt
1784 1802 2114 1865 Emmaum

98 1905 165 1966 in
201 1911 365 1964 terra
404 1901 750 1980 campestri.
823 1901 872 1936 4²
907 1902 995 1964 Et
1034 1901 1360 1962 audierunt
1398 1907 1765 1961 mercatores
1800 1901 2116 1982 regionum

103 2023 326 2065 nomen
358 2021 593 2061 eorum:
632 2008 694 2060 et
728 2008 1094 2079 acceperunt
1128 2006 1466 2084 argentum,
1505 2006 1567 2059 et
1599 2019 1818 2059 aurum
1850 1998 2116 2061 multum

106 2100 300 2169 ualde,
333 2106 395 2160 et
431 2120 679 2178 pueros:
721 2105 783 2158 et
821 2104 1124 2159 uenerunt
1159 2097 1225 2158 in
1262 2104 1463 2157 castra
1492 2103 1566 2158 ut
1594 2096 1938 2177 acciperent
1964 2096 2121 2158 filios

104 2197 338 2262 Israhel
370 2197 436 2259 in
463 2219 685 2278 seruos,
719 2203 782 2257 et
808 2197 1007 2259 additi
1041 2202 1185 2257 sunt
1220 2198 1300 2257 ad
1333 2215 1435 2255 eos
1468 2195 1770 2257 exercitus
1797 2195 2023 2275 Syriae,
2056 2202 2150 2257 et'

107 2304 307 2357 terrae
338 2294 831 2373 alienigenarum.

176 2395 229 2430 4²
256 2396 345 2458 Et
376 2394 536 2455 uidit
568 2393 776 2461 IudaS,
815 2400 877 2453 et
909 2393 1131 2453 fratres
1166 2390 1310 2460 eius,
1349 2392 1494 2472 quia
1527 2392 1938 2472 multiplicata
1977 2400 2123 2454 sunt

103 2491 284 2563 mala,
311 2499 373 2553 et
401 2492 703 2553 exercitus
735 2490 1135 2569 adplicabant
1159 2490 1240 2549 ad
1256 2489 1425 2550 fines
1441 2511 1677 2551 eorum:
1717 2498 1778 2550 et
1800 2511 2127 2569 cognouer-

115 2598 229 2653 unt
255 2589 445 2652 uerba
470 2589 643 2669 regis,
680 2609 838 2669 quae
865 2589 1187 2650 mandauit
1216 2589 1445 2667 populo
1471 2588 1670 2649 facere
1696 2589 1761 2650 in
1786 2588 2124 2660 interitum,

111 2697 174 2751 et
201 2687 819 2750 consummationem:
892 2687 945 2722 4³
976 2694 1038 2747 et
1061 2687 1350 2749 dixerunt
1377 2687 1796 2767 unusquisque
1820 2691 1900 2750 ad
1926 2689 2130 2766 proxi-

112 2808 284 2848 mum
311 2806 514 2855 suum:
547 2785 872 2863 Erigamus
898 2784 1300 2847 deiectionem
1327 2784 1539 2864 populi
1567 2785 1776 2853 nostri,
1811 2793 1872 2845 et
1899 2807 2126 2865 pugne—

114 2905 252 2946 mus
271 2904 383 2963 pro
404 2884 634 2963 populo
657 2873 883 2951 nostro,
913 2890 974 2944 et
998 2883 1226 2943 sanctis
1248 2882 1490 2943 nostris,
1537 2884 1589 2918 44
1619 2885 1707 2946 Et
1728 2892 2129 2963 congregatus

115 2989 208 3044 est
229 2987 569 3043 conuentus
588 2988 661 3042 ut
683 2989 884 3041 essent
905 2981 1109 3060 parati
1134 2979 1199 3041 in
1222 2979 1547 3059 proelium:
1595 2988 1656 3041 et
1677 2989 1749 3041 ut
1779 2991 2039 3051 orarent,
2067 2990 2130 3045 et

111 3087 390 3160 peterent
422 3077 914 3146 misericordiam,
949 3086 1013 3138 et
1043 3077 1482 3139 miserationes
1557 3079 1608 3113 ‘²⁵
1634 3079 1718 3140 Et
1744 3078 2126 3143 Hierusalem

118 3199 243 3241 non
271 3177 689 3246 habitabatur,
727 3180 832 3239 sed
864 3183 996 3238 erat
1028 3177 1185 3236 sicut
1217 3179 1552 3238 desertum:
1589 3198 1713 3238 non
1743 3185 1874 3238 erat
1907 3180 2012 3258 qui
2042 3179 2131 3241 in-

116 3278 468 3357 grederetur
497 3282 559 3335 et
588 3278 973 3353 egrederetur
1003 3277 1077 3336 de
1108 3274 1271 3335 natis
1301 3274 1453 3335 eius:
1489 3281 1550 3335 et
1580 3282 1862 3336 sanctum
1893 3277 2131 3337 concul-

119 3374 403 3455 cabatur:
442 3380 503 3433 et
535 3371 645 3432 filii
678 3372 1154 3451 alienigenarum
1188 3379 1362 3433 erant
1394 3372 1459 3433 in
1491 3393 1644 3440 arce,
1681 3372 1766 3432 ibi
1799 3381 1930 3452 erat
1964 3375 2133 3434 habi·

121 3471 281 3532 tatio
307 3470 623 3531 Gentium:
654 3463 951 3530 et'ablata
977 3478 1069 3530 est
1104 3469 1392 3548 uoluptas
1417 3491 1453 3529 a
1478 3469 1683 3540 Iacob,
1714 3477 1776 3528 et
1802 3471 2024 3532 defecit
2048 3471 2132 3532 ibi

122 3568 294 3636 tibia,
323 3574 384 3629 et
406 3567 662 3628 cithara.
734 3568 788 3602 ⁴²⁶
817 3568 902 3627 Et
926 3567 1276 3645 congregati
1299 3575 1460 3635 sunt,
1486 3575 1548 3627 et
1570 3575 1868 3628 uenerunt
1888 3568 1952 3628 in
1975 3569 2134 3629 Mas·
