<?xml version="1.0" encoding="UTF-8"?>
<!DOCTYPE html PUBLIC "-//W3C//DTD XHTML 1.0 Transitional//EN"
    "http://www.w3.org/TR/xhtml1/DTD/xhtml1-transitional.dtd">
<html xmlns="http://www.w3.org/1999/xhtml" xml:lang="en" lang="en">
 <head>
  <title>
</title>
<meta http-equiv="Content-Type" content="text/html;charset=utf-8" />
  <meta name='ocr-system' content='tesseract 3.04.00' />
  <meta name='ocr-capabilities' content='ocr_page ocr_carea ocr_par ocr_line ocrx_word'/>
</head>
<body>
  <div class='ocr_page' id='page_1' title='image "./selectionsfromvu00whitrich_0028.png"; bbox 0 0 2384 3970; ppageno 0'>
   <div class='ocr_carea' id='block_1_1' title="bbox 225 295 1957 428">
    <p class='ocr_par' dir='ltr' id='par_1_1' title="bbox 225 295 1957 428">
     <span class='ocr_line' id='line_1_1' title="bbox 225 295 1957 428; baseline 0.003 -33"><span class='ocrx_word' id='word_1_1' title='bbox 225 340 298 396; x_wconf 84' lang='lat'>24</span> <span class='ocrx_word' id='word_1_2' title='bbox 527 295 1031 404; x_wconf 69' lang='lat' dir='ltr'>sELEorioNs</span> <span class='ocrx_word' id='word_1_3' title='bbox 1070 338 1304 428; x_wconf 76' lang='lat' dir='ltr'>FRoM</span> <span class='ocrx_word' id='word_1_4' title='bbox 1345 338 1514 402; x_wconf 81' lang='grc' dir='ltr'>ΤΗΕ</span> <span class='ocrx_word' id='word_1_5' title='bbox 1556 341 1957 421; x_wconf 76' lang='lat' dir='ltr'><strong>VULGATE</strong></span> 
     </span>
    </p>
   </div>
   <div class='ocr_carea' id='block_1_2' title="bbox 818 598 1675 675">
    <p class='ocr_par' dir='ltr' id='par_1_2' title="bbox 818 598 1675 675">
     <span class='ocr_line' id='line_1_2' title="bbox 818 598 1675 675; baseline -0.001 -17"><span class='ocrx_word' id='word_1_6' title='bbox 818 599 1121 658; x_wconf 69' lang='lat' dir='ltr'>PsAnmus</span> <span class='ocrx_word' id='word_1_7' title='bbox 1162 598 1266 657; x_wconf 88' lang='lat' dir='ltr'>LI.</span> <span class='ocrx_word' id='word_1_8' title='bbox 1314 598 1404 674; x_wconf 90' lang='lat' dir='ltr'>(L.</span> <span class='ocrx_word' id='word_1_9' title='bbox 1457 598 1675 675; x_wconf 48' lang='grc' dir='ltr'>ναῖς).</span> 
     </span>
    </p>
   </div>
   <div class='ocr_carea' id='block_1_3' title="bbox 199 744 2240 3679">
    <p class='ocr_par' dir='ltr' id='par_1_3' title="bbox 199 744 2240 3679">
     <span class='ocr_line' id='line_1_3' title="bbox 304 744 2239 826; baseline 0.004 -21"><span class='ocrx_word' id='word_1_10' title='bbox 304 744 326 779; x_wconf 79' lang='lat'>¹·</span> <span class='ocrx_word' id='word_1_11' title='bbox 363 744 646 805; x_wconf 78' lang='lat' dir='ltr'>Miserere</span> <span class='ocrx_word' id='word_1_12' title='bbox 681 745 803 806; x_wconf 91' lang='lat' dir='ltr'>mei</span> <span class='ocrx_word' id='word_1_13' title='bbox 837 747 1023 814; x_wconf 88' lang='lat' dir='ltr'>Deus,</span> <span class='ocrx_word' id='word_1_14' title='bbox 1065 749 1404 809; x_wconf 92' lang='lat' dir='ltr'>secundum</span> <span class='ocrx_word' id='word_1_15' title='bbox 1439 767 1731 826; x_wconf 85' lang='lat' dir='ltr'>magnam</span> <span class='ocrx_word' id='word_1_16' title='bbox 1760 747 2239 812; x_wconf 89' lang='lat' dir='ltr'>misericordiam</span> 
     </span>
     <span class='ocr_line' id='line_1_4' title="bbox 448 851 644 905; baseline 0 -2"><span class='ocrx_word' id='word_1_17' title='bbox 448 851 644 905; x_wconf 87' lang='lat' dir='ltr'>tuam.</span> 
     </span>
     <span class='ocr_line' id='line_1_5' title="bbox 367 943 2240 1013; baseline 0.001 -7"><span class='ocrx_word' id='word_1_18' title='bbox 367 945 454 1006; x_wconf 85' lang='lat' dir='ltr'>Et</span> <span class='ocrx_word' id='word_1_19' title='bbox 477 947 814 1006; x_wconf 86' lang='lat' dir='ltr'>secundum</span> <span class='ocrx_word' id='word_1_20' title='bbox 836 943 1303 1005; x_wconf 70' lang='lat' dir='ltr'>multitudinem</span> <span class='ocrx_word' id='word_1_21' title='bbox 1324 943 1789 1006; x_wconf 69' lang='lat' dir='ltr'>miserationum</span> <span class='ocrx_word' id='word_1_22' title='bbox 1811 952 2078 1013; x_wconf 83' lang='lat' dir='ltr'>tuarum,</span> <span class='ocrx_word' id='word_1_23' title='bbox 2107 946 2240 1009; x_wconf 91' lang='lat' dir='ltr'>dele</span> 
     </span>
     <span class='ocr_line' id='line_1_6' title="bbox 445 1041 1091 1122; baseline 0 -22"><span class='ocrx_word' id='word_1_24' title='bbox 445 1041 843 1122; x_wconf 86' lang='lat' dir='ltr'>iniquitatem</span> <span class='ocrx_word' id='word_1_25' title='bbox 868 1064 1091 1102; x_wconf 87' lang='lat' dir='ltr'>meam.</span> 
     </span>
     <span class='ocr_line' id='line_1_7' title="bbox 304 1138 1643 1221; baseline -0.001 -20"><span class='ocrx_word' id='word_1_26' title='bbox 304 1141 327 1175; x_wconf 86' lang='lat'><em>²</em></span> <span class='ocrx_word' id='word_1_27' title='bbox 360 1140 641 1219; x_wconf 89' lang='lat' dir='ltr'>Amplius</span> <span class='ocrx_word' id='word_1_28' title='bbox 666 1138 812 1200; x_wconf 88' lang='lat' dir='ltr'>laua</span> <span class='ocrx_word' id='word_1_29' title='bbox 839 1162 937 1200; x_wconf 93' lang='lat' dir='ltr'>me</span> <span class='ocrx_word' id='word_1_30' title='bbox 967 1140 1045 1200; x_wconf 92' lang='lat' dir='ltr'>ab</span> <span class='ocrx_word' id='word_1_31' title='bbox 1074 1139 1407 1221; x_wconf 85' lang='lat' dir='ltr'>iniquitate</span> <span class='ocrx_word' id='word_1_32' title='bbox 1435 1162 1598 1202; x_wconf 89' lang='lat' dir='ltr'>mea:</span> <span class='ocrx_word' id='word_1_33' title='bbox 1639 1196 1643 1199; x_wconf 71' lang='grc'>,</span> 
     </span>
     <span class='ocr_line' id='line_1_8' title="bbox 367 1240 1347 1317; baseline 0 -19"><span class='ocrx_word' id='word_1_34' title='bbox 367 1246 431 1298; x_wconf 91' lang='lat' dir='ltr'>et</span> <span class='ocrx_word' id='word_1_35' title='bbox 459 1259 494 1298; x_wconf 92' lang='lat' dir='ltr'>a</span> <span class='ocrx_word' id='word_1_36' title='bbox 522 1240 779 1317; x_wconf 89' lang='lat' dir='ltr'>peccato</span> <span class='ocrx_word' id='word_1_37' title='bbox 806 1260 944 1299; x_wconf 91' lang='lat' dir='ltr'>meo</span> <span class='ocrx_word' id='word_1_38' title='bbox 970 1241 1204 1301; x_wconf 89' lang='lat' dir='ltr'>munda</span> <span class='ocrx_word' id='word_1_39' title='bbox 1231 1260 1347 1300; x_wconf 91' lang='lat' dir='ltr'>me.</span> 
     </span>
     <span class='ocr_line' id='line_1_9' title="bbox 299 1335 1814 1416; baseline 0 -18"><span class='ocrx_word' id='word_1_40' title='bbox 299 1335 324 1371; x_wconf 80' lang='lat'>³</span> <span class='ocrx_word' id='word_1_41' title='bbox 357 1336 663 1410; x_wconf 79' lang='lat' dir='ltr'>Quoniam</span> <span class='ocrx_word' id='word_1_42' title='bbox 688 1335 1087 1416; x_wconf 90' lang='lat' dir='ltr'>iniquitatem</span> <span class='ocrx_word' id='word_1_43' title='bbox 1115 1358 1319 1397; x_wconf 88' lang='lat' dir='ltr'>meam</span> <span class='ocrx_word' id='word_1_44' title='bbox 1347 1357 1459 1416; x_wconf 84' lang='lat' dir='ltr'>ego</span> <span class='ocrx_word' id='word_1_45' title='bbox 1487 1357 1814 1416; x_wconf 82' lang='lat' dir='ltr'>cognosco:</span> 
     </span>
     <span class='ocr_line' id='line_1_10' title="bbox 363 1441 1790 1521; baseline 0 -26"><span class='ocrx_word' id='word_1_46' title='bbox 363 1442 428 1495; x_wconf 88' lang='lat' dir='ltr'>et</span> <span class='ocrx_word' id='word_1_47' title='bbox 455 1441 782 1521; x_wconf 84' lang='lat' dir='ltr'>peccatum</span> <span class='ocrx_word' id='word_1_48' title='bbox 807 1457 1016 1496; x_wconf 89' lang='lat' dir='ltr'>meum</span> <span class='ocrx_word' id='word_1_49' title='bbox 1035 1442 1260 1504; x_wconf 57' lang='lat' dir='ltr'>,contra</span> <span class='ocrx_word' id='word_1_50' title='bbox 1286 1457 1385 1496; x_wconf 93' lang='lat' dir='ltr'>me</span> <span class='ocrx_word' id='word_1_51' title='bbox 1413 1441 1507 1496; x_wconf 89' lang='lat' dir='ltr'>est</span> <span class='ocrx_word' id='word_1_52' title='bbox 1535 1456 1790 1514; x_wconf 87' lang='lat' dir='ltr'>semper.</span> 
     </span>
     <span class='ocr_line' id='line_1_11' title="bbox 299 1533 935 1612; baseline 0 -17"><span class='ocrx_word' id='word_1_53' title='bbox 299 1534 323 1569; x_wconf 76' lang='lat'>4</span> <span class='ocrx_word' id='word_1_54' title='bbox 357 1534 497 1596; x_wconf 87' lang='lat' dir='ltr'>Tibi</span> <span class='ocrx_word' id='word_1_55' title='bbox 524 1533 637 1594; x_wconf 90' lang='lat' dir='ltr'>soli</span> <span class='ocrx_word' id='word_1_56' title='bbox 665 1534 935 1612; x_wconf 85' lang='lat' dir='ltr'>peccaui,</span> 
     </span>
     <span class='ocr_line' id='line_1_12' title="bbox 354 1630 1179 1694; baseline 0.002 -2"><span class='ocrx_word' id='word_1_57' title='bbox 354 1639 417 1692; x_wconf 93' lang='lat' dir='ltr'>et</span> <span class='ocrx_word' id='word_1_58' title='bbox 445 1630 679 1693; x_wconf 91' lang='lat' dir='ltr'>malum</span> <span class='ocrx_word' id='word_1_59' title='bbox 707 1652 916 1693; x_wconf 86' lang='lat' dir='ltr'>coram</span> <span class='ocrx_word' id='word_1_60' title='bbox 943 1639 1008 1693; x_wconf 93' lang='lat' dir='ltr'>te</span> <span class='ocrx_word' id='word_1_61' title='bbox 1036 1630 1179 1694; x_wconf 82' lang='lat' dir='ltr'>feci:</span> 
     </span>
     <span class='ocr_line' id='line_1_13' title="bbox 361 1730 1477 1799; baseline -0.002 -7"><span class='ocrx_word' id='word_1_62' title='bbox 361 1738 434 1792; x_wconf 94' lang='lat' dir='ltr'>ut</span> <span class='ocrx_word' id='word_1_63' title='bbox 459 1730 807 1793; x_wconf 88' lang='lat' dir='ltr'>iustificeris</span> <span class='ocrx_word' id='word_1_64' title='bbox 832 1730 899 1791; x_wconf 89' lang='lat' dir='ltr'>in</span> <span class='ocrx_word' id='word_1_65' title='bbox 925 1730 1308 1792; x_wconf 84' lang='lat' dir='ltr'>sermonibus</span> <span class='ocrx_word' id='word_1_66' title='bbox 1334 1730 1477 1799; x_wconf 72' lang='lat' dir='ltr'>tuis,</span> 
     </span>
     <span class='ocr_line' id='line_1_14' title="bbox 361 1829 1167 1892; baseline -0.004 0"><span class='ocrx_word' id='word_1_67' title='bbox 361 1839 425 1892; x_wconf 90' lang='lat' dir='ltr'>et</span> <span class='ocrx_word' id='word_1_68' title='bbox 450 1830 665 1892; x_wconf 86' lang='lat' dir='ltr'>uincas</span> <span class='ocrx_word' id='word_1_69' title='bbox 691 1851 835 1892; x_wconf 90' lang='lat' dir='ltr'>cum</span> <span class='ocrx_word' id='word_1_70' title='bbox 859 1829 1167 1892; x_wconf 80' lang='lat' dir='ltr'>iudicaris,</span> 
     </span>
     <span class='ocr_line' id='line_1_15' title="bbox 294 1928 1811 2010; baseline -0.002 -17"><span class='ocrx_word' id='word_1_71' title='bbox 294 1930 318 1966; x_wconf 81' lang='lat'>⁵</span> <span class='ocrx_word' id='word_1_72' title='bbox 349 1932 511 1993; x_wconf 85' lang='lat' dir='ltr'>Ecce</span> <span class='ocrx_word' id='word_1_73' title='bbox 537 1930 702 1991; x_wconf 91' lang='lat' dir='ltr'>enim</span> <span class='ocrx_word' id='word_1_74' title='bbox 727 1928 795 1991; x_wconf 91' lang='lat' dir='ltr'>in</span> <span class='ocrx_word' id='word_1_75' title='bbox 818 1928 1258 2010; x_wconf 84' lang='lat' dir='ltr'>iniquitatibus</span> <span class='ocrx_word' id='word_1_76' title='bbox 1285 1937 1621 2007; x_wconf 86' lang='lat' dir='ltr'>conceptus</span> <span class='ocrx_word' id='word_1_77' title='bbox 1648 1950 1811 1991; x_wconf 90' lang='lat' dir='ltr'>sum:</span> 
     </span>
     <span class='ocr_line' id='line_1_16' title="bbox 358 2027 1656 2107; baseline -0.001 -18"><span class='ocrx_word' id='word_1_78' title='bbox 358 2028 514 2090; x_wconf 91' lang='lat' dir='ltr'>etin</span> <span class='ocrx_word' id='word_1_79' title='bbox 540 2027 811 2107; x_wconf 90' lang='lat' dir='ltr'>peccatis</span> <span class='ocrx_word' id='word_1_80' title='bbox 837 2028 1122 2106; x_wconf 80' lang='lat' dir='ltr'>concepit</span> <span class='ocrx_word' id='word_1_81' title='bbox 1147 2049 1246 2088; x_wconf 90' lang='lat' dir='ltr'>me</span> <span class='ocrx_word' id='word_1_82' title='bbox 1273 2034 1473 2088; x_wconf 88' lang='lat' dir='ltr'>mater</span> <span class='ocrx_word' id='word_1_83' title='bbox 1499 2049 1656 2089; x_wconf 92' lang='lat' dir='ltr'>mea.</span> 
     </span>
     <span class='ocr_line' id='line_1_17' title="bbox 292 2125 1390 2191; baseline -0.005 0"><span class='ocrx_word' id='word_1_84' title='bbox 292 2128 315 2163; x_wconf 79' lang='lat'><strong>⁶</strong></span> <span class='ocrx_word' id='word_1_85' title='bbox 347 2129 508 2191; x_wconf 86' lang='lat' dir='ltr'>Ecce</span> <span class='ocrx_word' id='word_1_86' title='bbox 538 2127 702 2188; x_wconf 91' lang='lat' dir='ltr'>enim</span> <span class='ocrx_word' id='word_1_87' title='bbox 731 2126 1063 2188; x_wconf 90' lang='lat' dir='ltr'>ueritatem</span> <span class='ocrx_word' id='word_1_88' title='bbox 1093 2125 1390 2189; x_wconf 85' lang='lat' dir='ltr'>dilexisti:</span> 
     </span>
     <span class='ocr_line' id='line_1_18' title="bbox 352 2225 2170 2304; baseline 0.002 -19"><span class='ocrx_word' id='word_1_89' title='bbox 352 2226 605 2296; x_wconf 88' lang='lat' dir='ltr'>incerta,</span> <span class='ocrx_word' id='word_1_90' title='bbox 638 2233 705 2289; x_wconf 90' lang='lat' dir='ltr'>et</span> <span class='ocrx_word' id='word_1_91' title='bbox 734 2226 976 2287; x_wconf 90' lang='lat' dir='ltr'>occulta</span> <span class='ocrx_word' id='word_1_92' title='bbox 1008 2225 1350 2304; x_wconf 87' lang='lat' dir='ltr'>sapientiae</span> <span class='ocrx_word' id='word_1_93' title='bbox 1381 2233 1529 2286; x_wconf 85' lang='lat' dir='ltr'>tuae</span> <span class='ocrx_word' id='word_1_94' title='bbox 1562 2226 1979 2288; x_wconf 75' lang='lat' dir='ltr'>manifestasti</span> <span class='ocrx_word' id='word_1_95' title='bbox 2002 2228 2170 2290; x_wconf 84' lang='lat' dir='ltr'>mihi.</span> 
     </span>
     <span class='ocr_line' id='line_1_19' title="bbox 295 2325 1570 2405; baseline 0 -19"><span class='ocrx_word' id='word_1_96' title='bbox 295 2327 319 2362; x_wconf 85' lang='lat'>⁷</span> <span class='ocrx_word' id='word_1_97' title='bbox 350 2326 650 2405; x_wconf 79' lang='lat' dir='ltr'>Asperges</span> <span class='ocrx_word' id='word_1_98' title='bbox 680 2346 779 2386; x_wconf 91' lang='lat' dir='ltr'>me</span> <span class='ocrx_word' id='word_1_99' title='bbox 811 2327 1066 2404; x_wconf 87' lang='lat' dir='ltr'>hysopo,</span> <span class='ocrx_word' id='word_1_100' title='bbox 1105 2332 1167 2386; x_wconf 92' lang='lat' dir='ltr'>et</span> <span class='ocrx_word' id='word_1_101' title='bbox 1198 2325 1570 2387; x_wconf 86' lang='lat' dir='ltr'>mundabor:</span> 
     </span>
     <span class='ocr_line' id='line_1_20' title="bbox 350 2422 1619 2503; baseline 0.001 -22"><span class='ocrx_word' id='word_1_102' title='bbox 350 2422 594 2485; x_wconf 91' lang='lat' dir='ltr'>lauabis</span> <span class='ocrx_word' id='word_1_103' title='bbox 613 2445 727 2492; x_wconf 89' lang='lat' dir='ltr'>me,</span> <span class='ocrx_word' id='word_1_104' title='bbox 754 2430 817 2484; x_wconf 89' lang='lat' dir='ltr'>et</span> <span class='ocrx_word' id='word_1_105' title='bbox 838 2444 1019 2503; x_wconf 89' lang='lat' dir='ltr'>super</span> <span class='ocrx_word' id='word_1_106' title='bbox 1039 2423 1247 2485; x_wconf 89' lang='lat' dir='ltr'>niuem</span> <span class='ocrx_word' id='word_1_107' title='bbox 1267 2422 1619 2486; x_wconf 87' lang='lat' dir='ltr'>dealbabor.</span> 
     </span>
     <span class='ocr_line' id='line_1_21' title="bbox 290 2521 1751 2609; baseline 0 -25"><span class='ocrx_word' id='word_1_108' title='bbox 290 2524 314 2559; x_wconf 78' lang='lat'>⁸</span> <span class='ocrx_word' id='word_1_109' title='bbox 345 2523 607 2586; x_wconf 86' lang='lat' dir='ltr'>Auditui</span> <span class='ocrx_word' id='word_1_110' title='bbox 634 2543 772 2584; x_wconf 93' lang='lat' dir='ltr'>meo</span> <span class='ocrx_word' id='word_1_111' title='bbox 800 2522 978 2609; x_wconf 79' lang='lat' dir='ltr'>dabis</span> <span class='ocrx_word' id='word_1_112' title='bbox 1005 2523 1301 2601; x_wconf 86' lang='lat' dir='ltr'>gaudium</span> <span class='ocrx_word' id='word_1_113' title='bbox 1329 2529 1392 2583; x_wconf 93' lang='lat' dir='ltr'>et</span> <span class='ocrx_word' id='word_1_114' title='bbox 1417 2521 1751 2584; x_wconf 85' lang='lat' dir='ltr'>laetitiam:</span> 
     </span>
     <span class='ocr_line' id='line_1_22' title="bbox 354 2618 1359 2696; baseline -0.002 -14"><span class='ocrx_word' id='word_1_115' title='bbox 354 2627 419 2682; x_wconf 89' lang='lat' dir='ltr'>et</span> <span class='ocrx_word' id='word_1_116' title='bbox 448 2620 822 2696; x_wconf 87' lang='lat' dir='ltr'>exultabunt</span> <span class='ocrx_word' id='word_1_117' title='bbox 853 2641 989 2681; x_wconf 87' lang='lat' dir='ltr'>ossa</span> <span class='ocrx_word' id='word_1_118' title='bbox 1018 2618 1359 2681; x_wconf 88' lang='lat' dir='ltr'>humiliata.</span> 
     </span>
     <span class='ocr_line' id='line_1_23' title="bbox 288 2717 1610 2796; baseline -0.003 -15"><span class='ocrx_word' id='word_1_119' title='bbox 288 2720 312 2754; x_wconf 82' lang='lat'>⁹</span> <span class='ocrx_word' id='word_1_120' title='bbox 344 2720 574 2781; x_wconf 91' lang='lat' dir='ltr'>Auerte</span> <span class='ocrx_word' id='word_1_121' title='bbox 603 2719 826 2780; x_wconf 78' lang='lat' dir='ltr'>faciem</span> <span class='ocrx_word' id='word_1_122' title='bbox 856 2725 1034 2779; x_wconf 92' lang='lat' dir='ltr'>tuam</span> <span class='ocrx_word' id='word_1_123' title='bbox 1066 2740 1102 2779; x_wconf 91' lang='lat' dir='ltr'>a</span> <span class='ocrx_word' id='word_1_124' title='bbox 1133 2717 1403 2796; x_wconf 88' lang='lat' dir='ltr'>peccatis</span> <span class='ocrx_word' id='word_1_125' title='bbox 1433 2719 1610 2779; x_wconf 88' lang='lat' dir='ltr'>meis:</span> 
     </span>
     <span class='ocr_line' id='line_1_24' title="bbox 352 2814 1430 2897; baseline -0.004 -19"><span class='ocrx_word' id='word_1_126' title='bbox 352 2825 418 2878; x_wconf 93' lang='lat' dir='ltr'>et</span> <span class='ocrx_word' id='word_1_127' title='bbox 448 2837 658 2878; x_wconf 93' lang='lat' dir='ltr'>omnes</span> <span class='ocrx_word' id='word_1_128' title='bbox 686 2816 1051 2897; x_wconf 88' lang='lat' dir='ltr'>iniquitates</span> <span class='ocrx_word' id='word_1_129' title='bbox 1081 2837 1250 2877; x_wconf 91' lang='lat' dir='ltr'>meas</span> <span class='ocrx_word' id='word_1_130' title='bbox 1281 2814 1430 2878; x_wconf 88' lang='lat' dir='ltr'>dele.</span> 
     </span>
     <span class='ocr_line' id='line_1_25' title="bbox 264 2913 1390 2978; baseline -0.004 0"><span class='ocrx_word' id='word_1_131' title='bbox 264 2915 319 2950; x_wconf 76' lang='lat'>²⁰</span> <span class='ocrx_word' id='word_1_132' title='bbox 351 2916 466 2978; x_wconf 84' lang='lat' dir='ltr'>Cor</span> <span class='ocrx_word' id='word_1_133' title='bbox 490 2917 795 2977; x_wconf 89' lang='lat' dir='ltr'>mundum</span> <span class='ocrx_word' id='word_1_134' title='bbox 820 2935 957 2975; x_wconf 89' lang='lat' dir='ltr'>crea</span> <span class='ocrx_word' id='word_1_135' title='bbox 982 2913 1048 2975; x_wconf 93' lang='lat' dir='ltr'>in</span> <span class='ocrx_word' id='word_1_136' title='bbox 1072 2935 1170 2975; x_wconf 92' lang='lat' dir='ltr'>me</span> <span class='ocrx_word' id='word_1_137' title='bbox 1195 2917 1390 2976; x_wconf 91' lang='lat' dir='ltr'>Deus:</span> 
     </span>
     <span class='ocr_line' id='line_1_26' title="bbox 350 3011 1861 3092; baseline 0 -17"><span class='ocrx_word' id='word_1_138' title='bbox 350 3020 415 3075; x_wconf 91' lang='lat' dir='ltr'>et</span> <span class='ocrx_word' id='word_1_139' title='bbox 437 3014 723 3092; x_wconf 89' lang='lat' dir='ltr'>spiritum</span> <span class='ocrx_word' id='word_1_140' title='bbox 743 3019 983 3074; x_wconf 86' lang='lat' dir='ltr'>rectum</span> <span class='ocrx_word' id='word_1_141' title='bbox 1003 3011 1234 3073; x_wconf 91' lang='lat' dir='ltr'>innoua</span> <span class='ocrx_word' id='word_1_142' title='bbox 1254 3011 1320 3073; x_wconf 93' lang='lat' dir='ltr'>in</span> <span class='ocrx_word' id='word_1_143' title='bbox 1339 3012 1673 3073; x_wconf 88' lang='lat' dir='ltr'>uisceribus</span> <span class='ocrx_word' id='word_1_144' title='bbox 1694 3013 1861 3075; x_wconf 76' lang='lat' dir='ltr'>meis,</span> 
     </span>
     <span class='ocr_line' id='line_1_27' title="bbox 265 3110 1261 3190; baseline -0.001 -18"><span class='ocrx_word' id='word_1_145' title='bbox 265 3113 314 3148; x_wconf 76' lang='lat'>¹¹</span> <span class='ocrx_word' id='word_1_146' title='bbox 349 3113 442 3172; x_wconf 91' lang='lat' dir='ltr'>Ne</span> <span class='ocrx_word' id='word_1_147' title='bbox 468 3111 730 3190; x_wconf 89' lang='lat' dir='ltr'>proicias</span> <span class='ocrx_word' id='word_1_148' title='bbox 755 3132 852 3172; x_wconf 92' lang='lat' dir='ltr'>me</span> <span class='ocrx_word' id='word_1_149' title='bbox 881 3132 916 3171; x_wconf 92' lang='lat' dir='ltr'>a</span> <span class='ocrx_word' id='word_1_150' title='bbox 941 3110 1097 3171; x_wconf 84' lang='lat' dir='ltr'>facie</span> <span class='ocrx_word' id='word_1_151' title='bbox 1122 3117 1261 3171; x_wconf 91' lang='lat' dir='ltr'>tua:</span> 
     </span>
     <span class='ocr_line' id='line_1_28' title="bbox 352 3209 1811 3288; baseline 0 -17"><span class='ocrx_word' id='word_1_152' title='bbox 352 3218 415 3271; x_wconf 91' lang='lat' dir='ltr'>et</span> <span class='ocrx_word' id='word_1_153' title='bbox 441 3210 726 3288; x_wconf 87' lang='lat' dir='ltr'>spiritum</span> <span class='ocrx_word' id='word_1_154' title='bbox 752 3216 1036 3271; x_wconf 89' lang='lat' dir='ltr'>sanctum</span> <span class='ocrx_word' id='word_1_155' title='bbox 1059 3216 1241 3270; x_wconf 92' lang='lat' dir='ltr'>tuum</span> <span class='ocrx_word' id='word_1_156' title='bbox 1266 3230 1342 3270; x_wconf 93' lang='lat' dir='ltr'>ne</span> <span class='ocrx_word' id='word_1_157' title='bbox 1368 3209 1608 3270; x_wconf 69' lang='lat' dir='ltr'>auferas</span> <span class='ocrx_word' id='word_1_158' title='bbox 1635 3232 1670 3271; x_wconf 89' lang='lat' dir='ltr'>a</span> <span class='ocrx_word' id='word_1_159' title='bbox 1697 3232 1811 3271; x_wconf 89' lang='lat' dir='ltr'>me.</span> 
     </span>
     <span class='ocr_line' id='line_1_29' title="bbox 199 3306 1538 3371; baseline 0.001 -3"><span class='ocrx_word' id='word_1_160' title='bbox 199 3355 215 3368; x_wconf 93' lang='lat'><strong>.</strong></span> <span class='ocrx_word' id='word_1_161' title='bbox 267 3309 319 3344; x_wconf 78' lang='lat'>¹2</span> <span class='ocrx_word' id='word_1_162' title='bbox 350 3311 568 3371; x_wconf 85' lang='lat' dir='ltr'>Redde</span> <span class='ocrx_word' id='word_1_163' title='bbox 596 3306 751 3368; x_wconf 90' lang='lat' dir='ltr'>mihi</span> <span class='ocrx_word' id='word_1_164' title='bbox 773 3306 1082 3369; x_wconf 84' lang='lat' dir='ltr'>laetitiam</span> <span class='ocrx_word' id='word_1_165' title='bbox 1109 3306 1392 3368; x_wconf 89' lang='lat' dir='ltr'>salutaris</span> <span class='ocrx_word' id='word_1_166' title='bbox 1416 3307 1538 3369; x_wconf 85' lang='lat' dir='ltr'>tui:</span> 
     </span>
     <span class='ocr_line' id='line_1_30' title="bbox 350 3403 1480 3485; baseline -0.002 -19"><span class='ocrx_word' id='word_1_167' title='bbox 350 3413 413 3466; x_wconf 88' lang='lat' dir='ltr'>et</span> <span class='ocrx_word' id='word_1_168' title='bbox 443 3406 664 3485; x_wconf 88' lang='lat' dir='ltr'>spiritu</span> <span class='ocrx_word' id='word_1_169' title='bbox 691 3403 1014 3484; x_wconf 88' lang='lat' dir='ltr'>principali</span> <span class='ocrx_word' id='word_1_170' title='bbox 1043 3405 1336 3467; x_wconf 86' lang='lat' dir='ltr'>confirma</span> <span class='ocrx_word' id='word_1_171' title='bbox 1365 3427 1480 3466; x_wconf 90' lang='lat' dir='ltr'>me.</span> 
     </span>
     <span class='ocr_line' id='line_1_31' title="bbox 261 3503 1228 3582; baseline -0.003 -17"><span class='ocrx_word' id='word_1_172' title='bbox 261 3504 315 3540; x_wconf 80' lang='lat'>¹³</span> <span class='ocrx_word' id='word_1_173' title='bbox 345 3504 598 3566; x_wconf 89' lang='lat' dir='ltr'>Docebo</span> <span class='ocrx_word' id='word_1_174' title='bbox 625 3503 870 3582; x_wconf 88' lang='lat' dir='ltr'>iniquos</span> <span class='ocrx_word' id='word_1_175' title='bbox 899 3504 1032 3562; x_wconf 90' lang='lat' dir='ltr'>uias</span> <span class='ocrx_word' id='word_1_176' title='bbox 1058 3510 1228 3563; x_wconf 90' lang='lat' dir='ltr'>tuas:</span> 
     </span>
     <span class='ocr_line' id='line_1_32' title="bbox 350 3601 1306 3679; baseline -0.005 -15"><span class='ocrx_word' id='word_1_177' title='bbox 350 3608 414 3664; x_wconf 90' lang='lat' dir='ltr'>et</span> <span class='ocrx_word' id='word_1_178' title='bbox 441 3601 619 3679; x_wconf 92' lang='lat' dir='ltr'>impii</span> <span class='ocrx_word' id='word_1_179' title='bbox 649 3603 730 3662; x_wconf 86' lang='lat' dir='ltr'>ad</span> <span class='ocrx_word' id='word_1_180' title='bbox 758 3607 822 3660; x_wconf 91' lang='lat' dir='ltr'>te</span> <span class='ocrx_word' id='word_1_181' title='bbox 851 3606 1306 3662; x_wconf 90' lang='lat' dir='ltr'>conuertentur.</span> 
     </span>
    </p>
   </div>
  </div>
 </body>
</html>
