2384 3970
61 294 64 298 ,
91 244 2092 299 .““3.-.-.--.-----’---

106 322 129 359 ”’
171 345 174 347 ’
441 362 469 418 1
515 356 1751 420 MAGHABAEORUM--MATTHEUS
2019 357 2094 415 47
2160 328 2174 341 ’

939 697 1048 758 VI.
1094 701 1122 757 1
1140 698 1260 761 -13.

161 848 182 882 ¹
216 847 541 908 Attendite
560 867 636 906 ne
653 844 957 906 iustitiam
977 851 1246 905 uestram
1266 841 1508 903 faciatis
1526 862 1731 903 coram
1752 842 2098 905 hominibus

93 950 166 1007 ut
192 942 523 1006 uideamini
551 943 627 1004 ab
657 943 765 1004 eis:
799 942 1072 1051 alioquin
1093 942 1431 1002 mercedem
1454 962 1578 1001 non
1599 940 1904 1001 habebitis
1930 944 2095 1020 apud

90 1043 342 1104 Patrem
366 1048 642 1102 uestrum
667 1041 774 1121 qui
798 1040 863 1102 in
889 1037 1069 1100 caelis
1096 1046 1206 1100 est.

162 1139 186 1173 ²
220 1140 372 1200 Cum
402 1158 543 1218 ergo
573 1137 758 1199 facies
789 1136 1216 1216 elemosynam,
1254 1134 1378 1197 noli
1407 1135 1560 1195 tuba
1592 1155 1806 1196 canere
1837 1142 1982 1196 ante
2012 1143 2092 1204 te,

90 1236 250 1299 sicut
275 1235 633 1315 hypocritae
658 1234 936 1298 faciunt
920 1255 986 1295 1n
1012 1233 1336 1314 synagogis
1362 1239 1425 1293 et
1450 1232 1514 1295 in
1540 1233 1707 1302 uicis
1728 1239 1801 1294 ut
1817 1233 2100 1295 honorifi-

92 1342 307 1397 centur
325 1335 402 1395 ab
422 1332 795 1395 hominibus:
819 1353 999 1394 amen
1015 1333 1152 1395 dico
1170 1332 1363 1399 uobis,
1385 1338 1743 1410 receperunt
1759 1334 2098 1393 mercedem

90 1454 285 1495 suam.
373 1433 398 1468 ³
429 1436 514 1494 Te
553 1440 761 1494 autem
798 1430 1062 1493 faciente
1108 1429 1520 1508 elemosynam
1566 1429 1798 1491 nesciat
1852 1428 2100 1489 sinistra

91 1537 205 1592 tua
262 1530 413 1612 quid
471 1530 663 1592 faciat
702 1533 956 1593 dextera
1001 1537 1139 1590 tua:
1187 1529 1210 1563 4
1244 1535 1316 1590 ut
1368 1527 1448 1588 sit
1496 1526 1844 1606 elemosyna
1883 1534 1995 1588 tua
2032 1528 2098 1590 in

90 1629 481 1691 abscondito:
523 1634 585 1688 et
628 1630 813 1690 Pater
851 1634 997 1689 tuus
1025 1627 1132 1708 qui
1163 1626 1334 1688 uidet
1376 1623 1443 1686 in
1482 1626 1843 1687 abscondito
1883 1629 2100 1689 reddet

90 1725 226 1805 tibi.

159 1824 183 1859 ⁵
213 1824 300 1885 Et
330 1844 472 1884 cum
502 1823 691 1884 oratis
722 1845 847 1900 non
878 1822 1045 1883 eritis
1061 1820 1225 1882 sicut
1245 1820 1620 1900 hypocritae,
1653 1820 1760 1901 qui
1791 1827 2004 1882 amant
2034 1820 2099 1883 in

86 1921 412 2000 synagogis
440 1928 504 1982 et
531 1920 597 1982 in
625 1920 862 2000 angulis
889 1921 1236 1999 platearum
1264 1926 1717 1987 stantes-orare,
1749 1925 1822 1979 ut
1851 1920 2100 1981 uidean-

87 2026 191 2080 tur
226 2020 304 2079 ab
340 2018 715 2081 hominibus:
753 2039 935 2079 amen
966 2019 1103 2079 dico
1138 2017 1330 2085 uobis,
1369 2024 1728 2095 receperunt
1761 2020 2100 2079 mercedem

89 2139 283 2179 suam.
356 2118 380 2152 ⁶
411 2121 506 2179 Tu
526 2124 736 2178 autem
757 2137 898 2177 cum
920 2116 1137 2184 orabis,
1163 2116 1326 2176 intra
1347 2116 1413 2176 in
1433 2116 1781 2175 cubiculum
1800 2122 2006 2175 tuum:
2032 2123 2096 2176 et

88 2213 296 2276 clauso
330 2213 487 2274 ostio
519 2219 632 2274 tuo
667 2234 771 2273 ora
804 2214 1054 2275 Patrem
1086 2219 1266 2274 tuum
1292 2211 1358 2274 in
1390 2213 1776 2274 abscondito:
1814 2219 1876 2272 et
1909 2214 2096 2273 Pater

84 2317 232 2372 tuus
258 2312 366 2393 qui
404 2312 578 2374 uidet
602 2309 667 2372 in
694 2310 1056 2373 abscondito
1083 2312 1300 2372 reddet
1323 2310 1460 2370 tibi.
1533 2310 1556 2345 ⁷
1596 2310 1857 2371 Orantes
1887 2319 2095 2372 autem

86 2409 276 2472 nolite
294 2412 562 2471 multum
581 2407 749 2489 loqui
767 2410 926 2470 sicut
943 2409 1196 2470 ethnici:
1218 2413 1447 2488 putant
1465 2409 1627 2470 enim
1645 2409 1790 2488 quia
1807 2407 1873 2470 in
1891 2410 2094 2470 multi-

82 2507 293 2590 loquio
335 2531 446 2570 suo
484 2510 914 2571 exaudiantur.
986 2508 1011 2544 ⁸
1042 2506 1248 2568 Nolite
1290 2527 1431 2585 ergo
1468 2506 1800 2568 adsimilari
1834 2508 1945 2568 eis:
1980 2507 2095 2569 scit

87 2607 250 2669 enim
279 2608 464 2667 Pater
494 2613 696 2668 uester
725 2606 948 2686 quibus
979 2626 1132 2684 opus
1161 2606 1242 2665 sit
1273 2606 1446 2666 uobis
1476 2612 1620 2666 ante
1649 2627 1837 2686 quam
1866 2604 2093 2684 petatis

88 2725 247 2765 eum.
319 2704 344 2739 ⁹
375 2703 473 2765 Sic
500 2724 642 2782 ergo
661 2709 772 2765 uos
798 2703 1074 2764 orabitis:
1111 2705 1296 2764 Pater
1327 2710 1533 2764 noster
1565 2704 1671 2783 qui
1703 2723 1765 2763 es
1791 2705 1860 2764 in
1889 2702 2088 2771 caelis,

86 2798 499 2863 sanctificetur
537 2822 754 2863 nomen
793 2808 998 2862 tuum:
1030 2799 1086 2835 ¹⁰
1114 2800 1408 2862 adueniat
1445 2820 1699 2878 regnum
1734 2807 1938 2861 tuum:
1980 2801 2092 2862 fiat

87 2897 374 2960 uoluntas
399 2906 510 2960 tua
532 2899 690 2960 sicut
721 2898 784 2960 in
819 2897 987 2960 caelo
1022 2905 1084 2959 et
1116 2871 1182 2960 sn
1213 2905 1396 2959 terra.
1466 2899 1515 2934 ¹¹
1549 2902 1779 2961 Panem
1814 2908 2090 2962 nostrum

86 2991 734 3074 supersubstantialem
790 2999 871 3059 da
927 2996 1103 3059 nobis
1159 2990 1363 3059 hodie:
1412 2996 1467 3032 1²
1498 3002 1561 3058 et
1616 2997 1859 3058 dimitte
1916 2998 2091 3058 nobis

86 3089 297 3157 debita
327 3100 553 3164 nostra,
590 3096 748 3157 sicut
778 3102 842 3156 et
871 3115 982 3158 nos
1020 3094 1389 3158 dimittimus
1427 3095 1805 3158 debitoribus
1834 3094 2083 3158 nostris:

82 3188 131 3226 ¹³
162 3198 225 3254 et
255 3213 332 3255 ne
359 3192 613 3265 inducas
635 3215 746 3256 nos
774 3193 840 3256 in
869 3192 1323 3256 temtationem:
1358 3192 1466 3254 sed
1487 3191 1675 3254 libera
1709 3214 1819 3255 nos
1842 3215 1877 3254 a
1902 3190 2083 3255 malo.
