2384 3970
240 303 319 362 40
547 302 1050 365 sELEoTIONs
1091 302 1325 372 FROM
1367 302 1536 366 THE
1578 304 1995 373 VULGATE.

792 752 1123 813 EznofflEL
1162 750 1502 812 XXXVII.
1549 753 1721 811 1-14.

314 900 333 931 ²
371 903 566 961 Facta
612 908 706 960 est
749 922 931 980 super
974 922 1072 961 me
1116 892 1336 961 manus
1380 899 1648 968 Domini,
1698 907 1760 959 et
1805 900 2021 962 eduxit
2064 921 2162 959 me
2203 898 2271 959 in

242 998 466 1076 spiritu
507 997 785 1060 Domini:
836 1005 899 1058 et
944 997 1178 1059 dimisit
1220 1020 1318 1059 me
1361 997 1428 1059 in
1470 997 1674 1059 medio
1718 998 1936 1076 campi,
1986 997 2094 1077 qui
2138 1003 2302 1057 erat

240 1098 458 1177 plenus
493 1097 755 1157 ossibus:
785 1097 809 1132 2
841 1097 927 1158 Et
959 1097 1373 1159 circumduxit
1404 1119 1502 1157 me
1535 1118 1643 1177 per
1677 1119 1748 1157 ea
1780 1096 1847 1158 in
1879 1116 2055 1175 gyro:
2093 1103 2267 1157 erant

239 1202 451 1256 autem
478 1194 677 1255 multa
705 1194 886 1257 ualde
915 1210 1096 1275 super
1122 1194 1345 1256 faciem
1388 1195 1606 1274 campi,
1640 1195 1922 1274 siccaque
1948 1196 2272 1255 uehemen-
2367 1267 2372 1269 s

236 1301 350 1355 ter.
425 1293 450 1329 ³
481 1294 567 1355 Et
609 1293 770 1354 dixit
810 1296 891 1355 ad
931 1312 1056 1353 me:
1100 1292 1219 1352 Fili
1267 1292 1531 1354 hominis
1570 1300 1837 1372 putasne
1876 1280 2094 1354 uiuent
2137 1313 2273 1353 ossa

238 1392 361 1453 ista
389 1394 411 1452 ’ἐ
498 1392 582 1452 Et
610 1391 764 1453 dixi:
793 1390 1060 1452 Domine
1096 1392 1282 1460 Deus,
1313 1398 1386 1452 tu
1426 1391 1608 1453 nosti.
1689 1389 1715 1424 4
1739 1392 1825 1452 Et
1851 1391 2011 1452 dixit
2036 1394 2118 1453 ad
2143 1411 2267 1452 me:

238 1488 599 1552 Uaticinare
633 1492 709 1551 de
745 1488 982 1550 ossibus
1016 1488 1178 1549 istis:
1217 1496 1281 1549 et
1315 1489 1480 1550 dices
1515 1488 1625 1550 eis:
1665 1490 1818 1550 Ossa
1854 1488 2026 1551 arida
2062 1489 2274 1550 audite

241 1588 501 1649 uerbum
535 1587 809 1650 Domini.
883 1589 907 1623 ⁵
938 1589 1111 1648 Haec
1145 1587 1296 1650 dicit
1337 1587 1640 1649 Dominus
1670 1591 1839 1650 Deus
1872 1587 2109 1648 ossibus
2147 1587 2269 1649 his:

214 1689 403 1771 'Ecce
451 1707 562 1765 ego
603 1684 1029 1747 intromittam
1074 1685 1141 1748 in
1186 1708 1298 1747 uos
1346 1685 1649 1766 spiritum,
1702 1694 1764 1746 et
1812 1684 2057 1747 uiuetis.
2134 1687 2158 1722 ⁶
2187 1686 2273 1747 Et
2362 1749 2367 1751 ,

214 1792 218 1795 ’
242 1785 406 1847 dabo
454 1804 635 1864 super
682 1805 793 1844 uos
842 1805 1079 1853 11011108,
1132 1791 1195 1844 et
1241 1805 1616 1845 succrescere
1660 1783 1887 1845 faciam
1933 1804 2115 1863 super
2160 1803 2273 1843 uos

239 1905 470 1953 carneS‚
517 1892 580 1944 et
623 1887 1141 1963 superextendam
1181 1882 1247 1944 in
1288 1884 1465 1944 uobis
1506 1892 1738 1945 cutem:
1786 1890 1848 1943 et
1881 1883 2053 1945 'dabo
2095 1882 2273 1943 uobis

237 1983 543 2062 spiritum,
599 1990 662 2043 et
711 1982 954 2052 uiuetiS,
1010 1991 1073 2043 et
1123 1983 1327 2043 scietis
1378 1982 1523 2063 quia
1572 2003 1684 2062 ego
1733 1983 2055 2068 Dominus,
2129 1983 2153 2018 ⁷
2184 1982 2271 2044 Et

239 2080 611 2160 prophetaui
629 2080 788 2143 sicut
806 2088 1203 2160 praeceperat
1220 2080 1398 2142 mihi:
1426 2082 1631 2142 faetus
1658 2089 1750 2142 est
1777 2089 1987 2142 autem
2013 2080 2266 2150 sonitus,

239 2181 654 2258 prophetante
686 2202 802 2249 me,
841 2187 903 2240 et
937 2202 1074 2240 ecce
1107 2179 1466 2253 commotio;
1505 2188 1567 2241 et
1601 2187 1988 2242 accesserunt
2021 2201 2157 2240 ossa
2191 2183 2272 2242 ad

242 2299 407 2348 08811,-
429 2281 914 2358 unumquodque
942 2281 1024 2340 ad
1049 2277 1402 2339 iuncturam
1430 2300 1623 2340 suam.
1698 2279 1722 2313 Β
1753 2281 1840 2342 Et
1864 2278 2012 2348 uidi,
2044 2285 2107 2338 et
2134 2300 2272 2341 ecce

240 2397 422 2454 super
453 2398 523 2462 ea
556 2376 746 2445 nerui,
782 2384 845 2437 et
875 2398 1087 2438 carnes
1119 2380 1554 2438 ascenderunt:
1589 2384 1652 2438 et
1682 2384 1936 2443 extenta
1969 2385 2062 2438 est
2086 2379 2157 2439 in
2187 2377 2273 2439 eis

239 2473 402 2534 cutis
426 2477 702 2553 desuper,
734 2482 796 2536 et
821 2475 1107 2554 spiritum
1131 2497 1256 2536 non
1279 2475 1615 2536 habebant.
1690 2477 1714 2510 9
1739 2478 1831 2538 Et
1856 2476 2014 2537 dixit
2039 2478 2120 2537 ad
2143 2496 2268 2537 me:
2288 2494 2290 2496 ·

238 2570 598 2632 Uaticinare
631 2574 713 2633 ad
746 2572 1427 2650 spiritum‚-uaticinare
1459 2572 1547 2632 fili
1579 2571 1860 2642 hominis,
1900 2580 1963 2634 et
1996 2573 2161 2635 dices
2194 2576 2274 2636 ad

241 2669 557 2748 spiritum:
587 2670 760 2730 Haec
780 2670 932 2733 dicit
948 2670 1252 2732 Dominus
1269 2673 1464 2732 Deus:
1494 2673 1551 2732 A
1576 2678 1875 2755 quattuor
1901 2671 2105 2733 uentis
2131 2666 2274 2734 ueni

240 2766 510 2845 spiritus,
556 2776 619 2829 et
657 2769 903 2831 insuffla
943 2790 1124 2849 super
1162 2768 1521 2831 interfectos
1559 2769 1728 2839 istos,
1775 2777 1838 2830 et
1876 2770 2272 2832 reuiuiscant.

229 2864 286 2900 ¹⁰
316 2867 404 2926 Et
436 2867 803 2945 prophetaui
842 2866 1001 2928 sicut
1025 2875 1423 2948 praeceperat
1451 2867 1628 2929 mihi:
1666 2875 1728 2929 et
1751 2867 2055 2949 ingressus
2083 2877 2176 2930 est
2198 2870 2273 2933 in

243 2966 314 3024 ea
341 2964 609 3043 spiritus,
639 2972 702 3025 et
725 2965 1043 3027 uixerunt:
1072 2973 1501 3047 steteruntque
1526 2988 1707 3046 super
1729 2970 1916 3046 pedes
1941 2989 2080 3028 suos
2106 2989 2272 3030 exer-

241 3062 402 3123 citus
431 3062 679 3141 grandis
708 3063 890 3124 nimis
918 3063 1118 3126 ualde.
1190 3064 1240 3099 Π
1274 3066 1360 3127 Et
1389 3066 1548 3148 dixit
1579 3068 1658 3127 ad
1686 3086 1808 3126 me:
1828 3058 1959 3125 Fili
1983 3066 2270 3136 hominis,

244 3182 380 3221 ossa
398 3163 550 3221 haec
576 3161 879 3231 uniuersa,
903 3165 1122 3224 domus
1139 3162 1373 3224 Israhel
1400 3170 1518 3223 est:
1548 3162 1665 3241 ipsi
1690 3163 1932 3225 dicunt:
1961 3166 2274 3226 Aruerunt

244 3280 380 3319 ossa
400 3267 629 3329 nostra,
655 3268 718 3320 et
735 3260 918 3339 periit
938 3283 1074 3339 spes
1094 3269 1322 3331 nostra,
1347 3269 1410 3321 et
1429 3261 1680 3322 abscissi
1699 3283 1926 3344 sumus,
2000 3264 2053 3298 ¹2
2085 3265 2272 3343 Prop-

243 3363 410 3417 terea
439 3357 795 3426 uaticinare‚
818 3365 881 3418 et
910 3359 1074 3420 dices
1103 3362 1184 3421 ad
1213 3381 1339 3419 eos:
1361 3359 1535 3420 Haec
1564 3359 1715 3420 dicit
1742 3361 2046 3422 Dominus
2073 3365 2268 3424 Deus:

162 3502 165 3505 ι
246 3455 405 3517 Εο00
429 3477 539 3534 ego
571 3456 843 3535 aperiam
870 3457 1144 3517 tumulos
1170 3464 1425 3526 uestros,
1460 3466 1522 3517 et
1551 3462 1807 3520 educam
1830 3481 1941 3519 uos
1976 3463 2052 3521 de
2075 3461 2274 3539 sepul-

234 3554 397 3614 chris
416 3555 637 3616 uestris
657 3553 921 3632 populus
940 3576 1140 3617 meus:
1170 3563 1230 3616 et
1250 3555 1540 3618 inducam
1560 3578 1671 3616 uos
1689 3557 1754 3617 in
1773 3564 2000 3618 terram
2019 3558 2279 3629 Israhel,
