<?xml version="1.0" encoding="UTF-8"?>
<!DOCTYPE html PUBLIC "-//W3C//DTD XHTML 1.0 Transitional//EN"
    "http://www.w3.org/TR/xhtml1/DTD/xhtml1-transitional.dtd">
<html xmlns="http://www.w3.org/1999/xhtml" xml:lang="en" lang="en">
 <head>
  <title>
</title>
<meta http-equiv="Content-Type" content="text/html;charset=utf-8" />
  <meta name='ocr-system' content='tesseract 3.04.00' />
  <meta name='ocr-capabilities' content='ocr_page ocr_carea ocr_par ocr_line ocrx_word'/>
</head>
<body>
  <div class='ocr_page' id='page_1' title='image "./selectionsfromvu00whitrich_0040.png"; bbox 0 0 2384 3970; ppageno 0'>
   <div class='ocr_carea' id='block_1_1' title="bbox 249 355 2081 452">
    <p class='ocr_par' dir='ltr' id='par_1_1' title="bbox 249 355 2081 452">
     <span class='ocr_line' id='line_1_1' title="bbox 249 355 2081 452; baseline 0.001 -34"><span class='ocrx_word' id='word_1_1' title='bbox 249 362 320 418; x_wconf 87' lang='grc'>36</span> <span class='ocrx_word' id='word_1_2' title='bbox 550 358 1050 420; x_wconf 81' lang='lat' dir='ltr'>sELEOTIONs</span> <span class='ocrx_word' id='word_1_3' title='bbox 1090 355 1324 452; x_wconf 76' lang='lat' dir='ltr'>FROM</span> <span class='ocrx_word' id='word_1_4' title='bbox 1365 356 1532 420; x_wconf 81' lang='lat' dir='ltr'>THE</span> <span class='ocrx_word' id='word_1_5' title='bbox 1574 357 1971 419; x_wconf 74' lang='lat' dir='ltr'><strong>VULGATE·</strong></span> <span class='ocrx_word' id='word_1_6' title='bbox 2078 356 2081 359; x_wconf 51' lang='lat'><em>&#39;</em></span> 
     </span>
    </p>
   </div>
   <div class='ocr_carea' id='block_1_2' title="bbox 227 564 2345 3502">
    <p class='ocr_par' dir='ltr' id='par_1_2' title="bbox 227 564 2345 3502">
     <span class='ocr_line' id='line_1_2' title="bbox 335 564 1492 645; baseline -0.003 -16"><span class='ocrx_word' id='word_1_7' title='bbox 335 569 359 603; x_wconf 82' lang='lat'>³</span> <span class='ocrx_word' id='word_1_8' title='bbox 389 567 798 629; x_wconf 90' lang='lat' dir='ltr'>Dominantes</span> <span class='ocrx_word' id='word_1_9' title='bbox 820 565 887 627; x_wconf 94' lang='lat' dir='ltr'>in</span> <span class='ocrx_word' id='word_1_10' title='bbox 910 564 1328 645; x_wconf 89' lang='lat' dir='ltr'>potestatibus</span> <span class='ocrx_word' id='word_1_11' title='bbox 1352 564 1492 634; x_wconf 72' lang='grc'><strong>81118,</strong></span> 
     </span>
     <span class='ocr_line' id='line_1_3' title="bbox 402 664 1202 743; baseline -0.008 -15"><span class='ocrx_word' id='word_1_12' title='bbox 402 664 680 728; x_wconf 89' lang='lat' dir='ltr'>homines</span> <span class='ocrx_word' id='word_1_13' title='bbox 711 664 921 743; x_wconf 87' lang='lat' dir='ltr'>magni</span> <span class='ocrx_word' id='word_1_14' title='bbox 952 664 1202 732; x_wconf 84' lang='lat' dir='ltr'>uirtute,</span> 
     </span>
     <span class='ocr_line' id='line_1_4' title="bbox 403 761 1275 845; baseline -0.008 -19"><span class='ocrx_word' id='word_1_15' title='bbox 403 771 467 826; x_wconf 92' lang='lat' dir='ltr'>et</span> <span class='ocrx_word' id='word_1_16' title='bbox 494 762 825 845; x_wconf 86' lang='lat' dir='ltr'>prudentia</span> <span class='ocrx_word' id='word_1_17' title='bbox 854 782 964 823; x_wconf 89' lang='lat' dir='ltr'>sua</span> <span class='ocrx_word' id='word_1_18' title='bbox 993 761 1275 839; x_wconf 89' lang='lat' dir='ltr'>praediti,</span> 
     </span>
     <span class='ocr_line' id='line_1_5' title="bbox 303 852 2065 940; baseline -0.004 -13"><span class='ocrx_word' id='word_1_19' title='bbox 303 852 305 855; x_wconf 22' lang='grc' dir='ltr'>Ι</span> <span class='ocrx_word' id='word_1_20' title='bbox 396 863 757 926; x_wconf 89' lang='lat' dir='ltr'>nuntiantes</span> <span class='ocrx_word' id='word_1_21' title='bbox 780 860 846 922; x_wconf 89' lang='lat' dir='ltr'>in</span> <span class='ocrx_word' id='word_1_22' title='bbox 870 859 1189 940; x_wconf 87' lang='lat' dir='ltr'>prophetis</span> <span class='ocrx_word' id='word_1_23' title='bbox 1213 859 1583 938; x_wconf 89' lang='lat' dir='ltr'>dignitatem</span> <span class='ocrx_word' id='word_1_24' title='bbox 1608 861 2065 939; x_wconf 87' lang='lat' dir='ltr'>prophetarum,</span> 
     </span>
     <span class='ocr_line' id='line_1_6' title="bbox 227 958 1561 1040; baseline -0.006 -15"><span class='ocrx_word' id='word_1_25' title='bbox 227 980 230 983; x_wconf 82' lang='grc'><strong>’</strong></span> <span class='ocrx_word' id='word_1_26' title='bbox 331 964 355 998; x_wconf 72' lang='lat'>4</span> <span class='ocrx_word' id='word_1_27' title='bbox 389 970 451 1024; x_wconf 92' lang='lat' dir='ltr'>et</span> <span class='ocrx_word' id='word_1_28' title='bbox 479 963 855 1040; x_wconf 69' lang='lat' dir='ltr'>imperantes</span> <span class='ocrx_word' id='word_1_29' title='bbox 882 959 949 1020; x_wconf 91' lang='lat' dir='ltr'>in</span> <span class='ocrx_word' id='word_1_30' title='bbox 977 958 1289 1036; x_wconf 73' lang='lat' dir='ltr'>praesenti</span> <span class='ocrx_word' id='word_1_31' title='bbox 1314 958 1561 1037; x_wconf 88' lang='lat' dir='ltr'>popul0‚</span> 
     </span>
     <span class='ocr_line' id='line_1_7' title="bbox 397 1055 2104 1137; baseline -0.004 -16"><span class='ocrx_word' id='word_1_32' title='bbox 397 1068 460 1122; x_wconf 94' lang='lat' dir='ltr'>et</span> <span class='ocrx_word' id='word_1_33' title='bbox 489 1060 725 1121; x_wconf 87' lang='lat' dir='ltr'>uirtute</span> <span class='ocrx_word' id='word_1_34' title='bbox 752 1057 1116 1137; x_wconf 72' lang='lat' dir='ltr'>prudentiae</span> <span class='ocrx_word' id='word_1_35' title='bbox 1146 1055 1392 1135; x_wconf 86' lang='lat' dir='ltr'>populis</span> <span class='ocrx_word' id='word_1_36' title='bbox 1413 1055 1447 1094; x_wconf 79' lang='lat'>&#39;¹‘</span> <span class='ocrx_word' id='word_1_37' title='bbox 1481 1055 1866 1117; x_wconf 84' lang='lat' dir='ltr'>sanctissima</span> <span class='ocrx_word' id='word_1_38' title='bbox 1895 1055 2104 1116; x_wconf 89' lang='lat' dir='ltr'>uerba.</span> 
     </span>
     <span class='ocr_line' id='line_1_8' title="bbox 331 1155 1816 1238; baseline -0.005 -17"><span class='ocrx_word' id='word_1_39' title='bbox 331 1161 355 1196; x_wconf 76' lang='lat'>5</span> <span class='ocrx_word' id='word_1_40' title='bbox 387 1162 465 1221; x_wconf 92' lang='lat' dir='ltr'>In</span> <span class='ocrx_word' id='word_1_41' title='bbox 492 1157 715 1238; x_wconf 89' lang='lat' dir='ltr'>peritia</span> <span class='ocrx_word' id='word_1_42' title='bbox 744 1178 855 1217; x_wconf 92' lang='lat' dir='ltr'>sua</span> <span class='ocrx_word' id='word_1_43' title='bbox 882 1155 1263 1236; x_wconf 82' lang='lat' dir='ltr'>requirentes</span> <span class='ocrx_word' id='word_1_44' title='bbox 1290 1157 1507 1216; x_wconf 91' lang='lat' dir='ltr'>modos</span> <span class='ocrx_word' id='word_1_45' title='bbox 1533 1155 1816 1225; x_wconf 71' lang='grc'><strong>1111181808,</strong></span> 
     </span>
     <span class='ocr_line' id='line_1_9' title="bbox 395 1253 1605 1331; baseline -0.007 -12"><span class='ocrx_word' id='word_1_46' title='bbox 395 1266 459 1319; x_wconf 91' lang='lat' dir='ltr'>et</span> <span class='ocrx_word' id='word_1_47' title='bbox 489 1263 811 1320; x_wconf 85' lang='lat' dir='ltr'>narrantes</span> <span class='ocrx_word' id='word_1_48' title='bbox 840 1253 1114 1316; x_wconf 85' lang='lat' dir='ltr'>carmina</span> <span class='ocrx_word' id='word_1_49' title='bbox 1143 1253 1605 1331; x_wconf 82' lang='lat' dir='ltr'>scripturarum.</span> 
     </span>
     <span class='ocr_line' id='line_1_10' title="bbox 328 1351 2260 1431; baseline -0.004 -12"><span class='ocrx_word' id='word_1_50' title='bbox 328 1360 351 1396; x_wconf 79' lang='lat'>⁰</span> <span class='ocrx_word' id='word_1_51' title='bbox 383 1356 684 1419; x_wconf 83' lang='lat' dir='ltr'>Homines</span> <span class='ocrx_word' id='word_1_52' title='bbox 739 1354 966 1416; x_wconf 85' lang='lat' dir='ltr'>diuites</span> <span class='ocrx_word' id='word_1_53' title='bbox 1019 1353 1086 1422; x_wconf 91' lang='lat' dir='ltr'>in</span> <span class='ocrx_word' id='word_1_54' title='bbox 1142 1353 1394 1421; x_wconf 83' lang='lat' dir='ltr'>uirtute,</span> <span class='ocrx_word' id='word_1_55' title='bbox 1453 1351 1931 1431; x_wconf 82' lang='lat' dir='ltr'>pulchritudinis</span> <span class='ocrx_word' id='word_1_56' title='bbox 1984 1351 2260 1413; x_wconf 88' lang='lat' dir='ltr'>studium</span> 
     </span>
     <span class='ocr_line' id='line_1_11' title="bbox 477 1456 800 1518; baseline -0.015 0"><span class='ocrx_word' id='word_1_57' title='bbox 477 1456 800 1518; x_wconf 88' lang='lat' dir='ltr'>habentes:</span> 
     </span>
     <span class='ocr_line' id='line_1_12' title="bbox 395 1550 1364 1638; baseline -0.006 -22"><span class='ocrx_word' id='word_1_58' title='bbox 395 1554 794 1638; x_wconf 79' lang='lat' dir='ltr'>pacificantes</span> <span class='ocrx_word' id='word_1_59' title='bbox 819 1551 886 1613; x_wconf 94' lang='lat' dir='ltr'>in</span> <span class='ocrx_word' id='word_1_60' title='bbox 911 1551 1195 1614; x_wconf 87' lang='lat' dir='ltr'>domibus</span> <span class='ocrx_word' id='word_1_61' title='bbox 1223 1550 1364 1611; x_wconf 76' lang='lat' dir='ltr'>suiS.</span> 
     </span>
     <span class='ocr_line' id='line_1_13' title="bbox 328 1645 2345 1730; baseline -0.008 -13"><span class='ocrx_word' id='word_1_62' title='bbox 328 1657 352 1692; x_wconf 82' lang='lat'>⁷</span> <span class='ocrx_word' id='word_1_63' title='bbox 386 1656 615 1716; x_wconf 91' lang='lat' dir='ltr'>Omnes</span> <span class='ocrx_word' id='word_1_64' title='bbox 640 1651 747 1712; x_wconf 89' lang='lat' dir='ltr'>isti</span> <span class='ocrx_word' id='word_1_65' title='bbox 772 1651 839 1712; x_wconf 90' lang='lat' dir='ltr'>in</span> <span class='ocrx_word' id='word_1_66' title='bbox 861 1648 1361 1730; x_wconf 85' lang='lat' dir='ltr'>generationibus</span> <span class='ocrx_word' id='word_1_67' title='bbox 1382 1647 1584 1728; x_wconf 86' lang='lat' dir='ltr'>gentis</span> <span class='ocrx_word' id='word_1_68' title='bbox 1603 1668 1747 1708; x_wconf 85' lang='lat' dir='ltr'>suae</span> <span class='ocrx_word' id='word_1_69' title='bbox 1773 1646 2030 1728; x_wconf 80' lang='lat' dir='ltr'>gloriam</span> <span class='ocrx_word' id='word_1_70' title='bbox 2051 1645 2261 1726; x_wconf 89' lang='lat' dir='ltr'>adepti</span> <span class='ocrx_word' id='word_1_71' title='bbox 2342 1700 2345 1701; x_wconf 10' lang='grc' dir='ltr'><em>γ</em></span> 
     </span>
     <span class='ocr_line' id='line_1_14' title="bbox 472 1758 1083 1832; baseline -0.003 -19"><span class='ocrx_word' id='word_1_72' title='bbox 472 1758 635 1820; x_wconf 87' lang='lat' dir='ltr'>sunt,</span> <span class='ocrx_word' id='word_1_73' title='bbox 810 1810 813 1813; x_wconf 76' lang='grc'>,</span> <span class='ocrx_word' id='word_1_74' title='bbox 1080 1829 1083 1832; x_wconf 21' lang='lat'>¹</span> 
     </span>
     <span class='ocr_line' id='line_1_15' title="bbox 391 1843 1700 1918; baseline -0.008 -5"><span class='ocrx_word' id='word_1_75' title='bbox 391 1859 455 1913; x_wconf 91' lang='lat' dir='ltr'>et</span> <span class='ocrx_word' id='word_1_76' title='bbox 481 1850 547 1912; x_wconf 94' lang='lat' dir='ltr'>in</span> <span class='ocrx_word' id='word_1_77' title='bbox 574 1850 791 1918; x_wconf 91' lang='lat' dir='ltr'>diebus</span> <span class='ocrx_word' id='word_1_78' title='bbox 819 1848 944 1908; x_wconf 89' lang='lat' dir='ltr'>suis</span> <span class='ocrx_word' id='word_1_79' title='bbox 970 1847 1278 1908; x_wconf 88' lang='lat' dir='ltr'>habentur</span> <span class='ocrx_word' id='word_1_80' title='bbox 1303 1844 1371 1906; x_wconf 92' lang='lat' dir='ltr'>in</span> <span class='ocrx_word' id='word_1_81' title='bbox 1393 1843 1700 1906; x_wconf 89' lang='lat' dir='ltr'>laudibus.</span> 
     </span>
     <span class='ocr_line' id='line_1_16' title="bbox 324 1943 1748 2025; baseline -0.009 -11"><span class='ocrx_word' id='word_1_82' title='bbox 324 1954 348 1988; x_wconf 78' lang='lat'>⁸</span> <span class='ocrx_word' id='word_1_83' title='bbox 382 1951 502 2025; x_wconf 83' lang='lat' dir='ltr'>Qui</span> <span class='ocrx_word' id='word_1_84' title='bbox 526 1953 602 2012; x_wconf 91' lang='lat' dir='ltr'>de</span> <span class='ocrx_word' id='word_1_85' title='bbox 625 1948 746 2008; x_wconf 89' lang='lat' dir='ltr'>illis</span> <span class='ocrx_word' id='word_1_86' title='bbox 769 1947 905 2008; x_wconf 91' lang='lat' dir='ltr'>nati</span> <span class='ocrx_word' id='word_1_87' title='bbox 928 1953 1091 2014; x_wconf 90' lang='lat' dir='ltr'>sunt,</span> <span class='ocrx_word' id='word_1_88' title='bbox 1119 1943 1499 2025; x_wconf 89' lang='lat' dir='ltr'>reliquerunt</span> <span class='ocrx_word' id='word_1_89' title='bbox 1522 1963 1748 2004; x_wconf 90' lang='lat' dir='ltr'>nomen</span> 
     </span>
     <span class='ocr_line' id='line_1_17' title="bbox 384 2045 1759 2112; baseline -0.01 0"><span class='ocrx_word' id='word_1_90' title='bbox 384 2047 682 2112; x_wconf 83' lang='lat' dir='ltr'>narrandi</span> <span class='ocrx_word' id='word_1_91' title='bbox 703 2045 923 2108; x_wconf 88' lang='lat' dir='ltr'>laudes</span> <span class='ocrx_word' id='word_1_92' title='bbox 947 2064 1189 2105; x_wconf 87' lang='lat' dir='ltr'>eorum:</span> <span class='ocrx_word' id='word_1_93' title='bbox 1756 2055 1759 2057; x_wconf 86' lang='grc'><strong><em>·</em></strong></span> 
     </span>
     <span class='ocr_line' id='line_1_18' title="bbox 327 2141 1532 2227; baseline -0.008 -16"><span class='ocrx_word' id='word_1_94' title='bbox 327 2152 350 2186; x_wconf 83' lang='grc'>9</span> <span class='ocrx_word' id='word_1_95' title='bbox 384 2156 447 2211; x_wconf 90' lang='lat' dir='ltr'>et</span> <span class='ocrx_word' id='word_1_96' title='bbox 474 2154 620 2209; x_wconf 92' lang='lat' dir='ltr'>sunt</span> <span class='ocrx_word' id='word_1_97' title='bbox 648 2167 912 2227; x_wconf 88' lang='lat' dir='ltr'>quorum</span> <span class='ocrx_word' id='word_1_98' title='bbox 939 2165 1065 2205; x_wconf 94' lang='lat' dir='ltr'>non</span> <span class='ocrx_word' id='word_1_99' title='bbox 1091 2149 1185 2203; x_wconf 87' lang='lat' dir='ltr'>est</span> <span class='ocrx_word' id='word_1_100' title='bbox 1212 2141 1532 2202; x_wconf 89' lang='lat' dir='ltr'>memoria:</span> 
     </span>
     <span class='ocr_line' id='line_1_19' title="bbox 393 2230 1359 2327; baseline -0.007 -20"><span class='ocrx_word' id='word_1_101' title='bbox 393 2247 709 2327; x_wconf 84' lang='lat' dir='ltr'>perierunt</span> <span class='ocrx_word' id='word_1_102' title='bbox 739 2230 918 2324; x_wconf 85' lang='lat' dir='ltr'>quasi</span> <span class='ocrx_word' id='word_1_103' title='bbox 946 2264 1073 2303; x_wconf 91' lang='lat' dir='ltr'>non</span> <span class='ocrx_word' id='word_1_104' title='bbox 1100 2241 1359 2302; x_wconf 78' lang='lat' dir='ltr'>fuerint:</span> 
     </span>
     <span class='ocr_line' id='line_1_20' title="bbox 391 2339 1347 2422; baseline -0.01 -14"><span class='ocrx_word' id='word_1_105' title='bbox 391 2354 455 2408; x_wconf 91' lang='lat' dir='ltr'>et</span> <span class='ocrx_word' id='word_1_106' title='bbox 483 2345 618 2408; x_wconf 88' lang='lat' dir='ltr'>nati</span> <span class='ocrx_word' id='word_1_107' title='bbox 645 2350 808 2412; x_wconf 88' lang='lat' dir='ltr'>sunt,</span> <span class='ocrx_word' id='word_1_108' title='bbox 839 2342 1018 2422; x_wconf 87' lang='lat' dir='ltr'>quasi</span> <span class='ocrx_word' id='word_1_109' title='bbox 1045 2362 1171 2402; x_wconf 89' lang='lat' dir='ltr'>non</span> <span class='ocrx_word' id='word_1_110' title='bbox 1198 2339 1347 2407; x_wconf 86' lang='lat' dir='ltr'>nati,</span> 
     </span>
     <span class='ocr_line' id='line_1_21' title="bbox 389 2438 1247 2522; baseline -0.01 -16"><span class='ocrx_word' id='word_1_111' title='bbox 389 2453 453 2506; x_wconf 93' lang='lat' dir='ltr'>et</span> <span class='ocrx_word' id='word_1_112' title='bbox 478 2444 589 2504; x_wconf 89' lang='lat' dir='ltr'>filii</span> <span class='ocrx_word' id='word_1_113' title='bbox 611 2443 888 2522; x_wconf 86' lang='lat' dir='ltr'>ipsorum</span> <span class='ocrx_word' id='word_1_114' title='bbox 914 2461 1059 2500; x_wconf 88' lang='lat' dir='ltr'>cum</span> <span class='ocrx_word' id='word_1_115' title='bbox 1080 2438 1247 2517; x_wconf 90' lang='lat' dir='ltr'>ipsis.</span> 
     </span>
     <span class='ocr_line' id='line_1_22' title="bbox 301 2538 1424 2606; baseline -0.009 1"><span class='ocrx_word' id='word_1_116' title='bbox 301 2545 356 2582; x_wconf 80' lang='lat'>¹⁰</span> <span class='ocrx_word' id='word_1_117' title='bbox 388 2544 509 2606; x_wconf 78' lang='lat' dir='ltr'>Sed</span> <span class='ocrx_word' id='word_1_118' title='bbox 532 2541 622 2601; x_wconf 91' lang='lat' dir='ltr'>illi</span> <span class='ocrx_word' id='word_1_119' title='bbox 645 2541 764 2602; x_wconf 89' lang='lat' dir='ltr'>uiri</span> <span class='ocrx_word' id='word_1_120' title='bbox 788 2538 1232 2606; x_wconf 80' lang='lat' dir='ltr'>misericordiae</span> <span class='ocrx_word' id='word_1_121' title='bbox 1263 2544 1424 2604; x_wconf 88' lang='lat' dir='ltr'>sunt,</span> 
     </span>
     <span class='ocr_line' id='line_1_23' title="bbox 389 2628 1494 2724; baseline -0.008 -21"><span class='ocrx_word' id='word_1_122' title='bbox 389 2628 654 2724; x_wconf 92' lang='lat' dir='ltr'>quorum</span> <span class='ocrx_word' id='word_1_123' title='bbox 684 2639 951 2718; x_wconf 88' lang='lat' dir='ltr'>pietates</span> <span class='ocrx_word' id='word_1_124' title='bbox 982 2658 1108 2698; x_wconf 90' lang='lat' dir='ltr'>non</span> <span class='ocrx_word' id='word_1_125' title='bbox 1139 2635 1494 2698; x_wconf 77' lang='lat' dir='ltr'>defuerunt:</span> 
     </span>
     <span class='ocr_line' id='line_1_24' title="bbox 301 2732 1620 2815; baseline -0.009 -11"><span class='ocrx_word' id='word_1_126' title='bbox 301 2744 351 2778; x_wconf 76' lang='lat'>1²</span> <span class='ocrx_word' id='word_1_127' title='bbox 387 2763 530 2803; x_wconf 85' lang='lat' dir='ltr'>oum</span> <span class='ocrx_word' id='word_1_128' title='bbox 555 2738 784 2801; x_wconf 88' lang='lat' dir='ltr'>semine</span> <span class='ocrx_word' id='word_1_129' title='bbox 811 2757 1024 2797; x_wconf 88' lang='lat' dir='ltr'>eorum</span> <span class='ocrx_word' id='word_1_130' title='bbox 1049 2739 1415 2814; x_wconf 87' lang='lat' dir='ltr'>permanent</span> <span class='ocrx_word' id='word_1_131' title='bbox 1441 2732 1620 2815; x_wconf 90' lang='lat' dir='ltr'>bona,</span> 
     </span>
     <span class='ocr_line' id='line_1_25' title="bbox 232 2826 1478 2913; baseline -0.01 -11"><span class='ocrx_word' id='word_1_132' title='bbox 232 2826 240 2830; x_wconf 21' lang='grc' dir='ltr'><em>ν</em></span> <span class='ocrx_word' id='word_1_133' title='bbox 391 2838 699 2901; x_wconf 91' lang='lat' dir='ltr'>hereditas</span> <span class='ocrx_word' id='word_1_134' title='bbox 726 2843 943 2896; x_wconf 80' lang='lat' dir='ltr'>sancta</span> <span class='ocrx_word' id='word_1_135' title='bbox 970 2840 1225 2913; x_wconf 90' lang='lat' dir='ltr'>nepotes</span> <span class='ocrx_word' id='word_1_136' title='bbox 1252 2852 1478 2898; x_wconf 85' lang='lat' dir='ltr'>eorum,</span> 
     </span>
     <span class='ocr_line' id='line_1_26' title="bbox 389 2932 1680 2999; baseline -0.008 -1"><span class='ocrx_word' id='word_1_137' title='bbox 389 2946 453 2998; x_wconf 91' lang='lat' dir='ltr'>et</span> <span class='ocrx_word' id='word_1_138' title='bbox 479 2938 549 2999; x_wconf 93' lang='lat' dir='ltr'>in</span> <span class='ocrx_word' id='word_1_139' title='bbox 577 2933 969 2997; x_wconf 88' lang='lat' dir='ltr'>testamentis</span> <span class='ocrx_word' id='word_1_140' title='bbox 1001 2932 1178 2992; x_wconf 89' lang='lat' dir='ltr'>stetit</span> <span class='ocrx_word' id='word_1_141' title='bbox 1208 2951 1415 2992; x_wconf 92' lang='lat' dir='ltr'>semen</span> <span class='ocrx_word' id='word_1_142' title='bbox 1445 2949 1680 2990; x_wconf 84' lang='lat' dir='ltr'>eorum:</span> 
     </span>
     <span class='ocr_line' id='line_1_27' title="bbox 305 3029 1257 3111; baseline -0.009 -12"><span class='ocrx_word' id='word_1_143' title='bbox 305 3039 357 3074; x_wconf 78' lang='lat'>12</span> <span class='ocrx_word' id='word_1_144' title='bbox 390 3045 453 3099; x_wconf 92' lang='lat' dir='ltr'>et</span> <span class='ocrx_word' id='word_1_145' title='bbox 476 3035 586 3096; x_wconf 86' lang='lat' dir='ltr'>filii</span> <span class='ocrx_word' id='word_1_146' title='bbox 612 3055 822 3095; x_wconf 91' lang='lat' dir='ltr'>eorum</span> <span class='ocrx_word' id='word_1_147' title='bbox 847 3039 1100 3111; x_wconf 89' lang='lat' dir='ltr'>propter</span> <span class='ocrx_word' id='word_1_148' title='bbox 1122 3029 1257 3090; x_wconf 87' lang='lat' dir='ltr'>illos</span> 
     </span>
     <span class='ocr_line' id='line_1_28' title="bbox 392 3133 1343 3215; baseline -0.008 -19"><span class='ocrx_word' id='word_1_149' title='bbox 392 3157 588 3215; x_wconf 88' lang='lat' dir='ltr'>usque</span> <span class='ocrx_word' id='word_1_150' title='bbox 614 3133 681 3195; x_wconf 92' lang='lat' dir='ltr'>in</span> <span class='ocrx_word' id='word_1_151' title='bbox 709 3140 1033 3215; x_wconf 87' lang='lat' dir='ltr'>aeternum</span> <span class='ocrx_word' id='word_1_152' title='bbox 1061 3135 1343 3190; x_wconf 90' lang='lat' dir='ltr'>manent:</span> 
     </span>
     <span class='ocr_line' id='line_1_29' title="bbox 302 3223 2019 3308; baseline -0.007 -13"><span class='ocrx_word' id='word_1_153' title='bbox 302 3236 356 3271; x_wconf 79' lang='lat'>¹³</span> <span class='ocrx_word' id='word_1_154' title='bbox 387 3255 593 3295; x_wconf 89' lang='lat' dir='ltr'>semen</span> <span class='ocrx_word' id='word_1_155' title='bbox 617 3253 830 3292; x_wconf 87' lang='lat' dir='ltr'>eorum</span> <span class='ocrx_word' id='word_1_156' title='bbox 855 3237 918 3290; x_wconf 93' lang='lat' dir='ltr'>et</span> <span class='ocrx_word' id='word_1_157' title='bbox 942 3228 1135 3308; x_wconf 90' lang='lat' dir='ltr'>gloria</span> <span class='ocrx_word' id='word_1_158' title='bbox 1160 3249 1371 3288; x_wconf 90' lang='lat' dir='ltr'>eorum</span> <span class='ocrx_word' id='word_1_159' title='bbox 1395 3247 1521 3287; x_wconf 93' lang='lat' dir='ltr'>non</span> <span class='ocrx_word' id='word_1_160' title='bbox 1545 3223 2019 3303; x_wconf 83' lang='lat' dir='ltr'>derelinquetur.</span> 
     </span>
     <span class='ocr_line' id='line_1_30' title="bbox 301 3325 1661 3412; baseline -0.01 -17"><span class='ocrx_word' id='word_1_161' title='bbox 301 3336 354 3371; x_wconf 76' lang='lat'>²4</span> <span class='ocrx_word' id='word_1_162' title='bbox 388 3334 656 3412; x_wconf 80' lang='lat' dir='ltr'>Corpora</span> <span class='ocrx_word' id='word_1_163' title='bbox 677 3330 953 3409; x_wconf 86' lang='lat' dir='ltr'>ipsorum</span> <span class='ocrx_word' id='word_1_164' title='bbox 973 3327 1040 3388; x_wconf 93' lang='lat' dir='ltr'>in</span> <span class='ocrx_word' id='word_1_165' title='bbox 1061 3348 1212 3405; x_wconf 82' lang='lat' dir='ltr'>paee</span> <span class='ocrx_word' id='word_1_166' title='bbox 1237 3325 1477 3404; x_wconf 87' lang='lat' dir='ltr'>sepulta</span> <span class='ocrx_word' id='word_1_167' title='bbox 1501 3328 1661 3390; x_wconf 90' lang='lat' dir='ltr'>sunt,</span> 
     </span>
     <span class='ocr_line' id='line_1_31' title="bbox 388 3420 2250 3502; baseline -0.008 -9"><span class='ocrx_word' id='word_1_168' title='bbox 388 3438 452 3493; x_wconf 88' lang='lat' dir='ltr'>et</span> <span class='ocrx_word' id='word_1_169' title='bbox 474 3450 698 3493; x_wconf 91' lang='lat' dir='ltr'>nomen</span> <span class='ocrx_word' id='word_1_170' title='bbox 719 3448 930 3488; x_wconf 86' lang='lat' dir='ltr'>eorum</span> <span class='ocrx_word' id='word_1_171' title='bbox 950 3426 1112 3487; x_wconf 93' lang='lat' dir='ltr'>uiuit</span> <span class='ocrx_word' id='word_1_172' title='bbox 1130 3425 1196 3485; x_wconf 90' lang='lat' dir='ltr'>in</span> <span class='ocrx_word' id='word_1_173' title='bbox 1217 3422 1671 3502; x_wconf 87' lang='lat' dir='ltr'>generationem</span> <span class='ocrx_word' id='word_1_174' title='bbox 1693 3428 1755 3482; x_wconf 87' lang='lat' dir='ltr'>et</span> <span class='ocrx_word' id='word_1_175' title='bbox 1776 3420 2250 3500; x_wconf 87' lang='lat' dir='ltr'>generationem.</span> 
     </span>
    </p>
   </div>
   <div class='ocr_carea' id='block_1_3' title="bbox 230 3552 2266 3709">
    <p class='ocr_par' dir='ltr' id='par_1_3' title="bbox 230 3552 2266 3709">
     <span class='ocr_line' id='line_1_32' title="bbox 306 3552 2250 3624; baseline -0.008 -8"><span class='ocrx_word' id='word_1_176' title='bbox 306 3567 332 3590; x_wconf 62' lang='lat'>&#39;⁶</span> <span class='ocrx_word' id='word_1_177' title='bbox 371 3565 469 3615; x_wconf 81' lang='lat' dir='ltr'>We</span> <span class='ocrx_word' id='word_1_178' title='bbox 503 3565 651 3613; x_wconf 78' lang='lat' dir='ltr'>must</span> <span class='ocrx_word' id='word_1_179' title='bbox 688 3557 946 3624; x_wconf 85' lang='lat' dir='ltr'>probably</span> <span class='ocrx_word' id='word_1_180' title='bbox 987 3556 1180 3620; x_wconf 86' lang='lat' dir='ltr'>supply</span> <span class='ocrx_word' id='word_1_181' title='bbox 1218 3570 1364 3605; x_wconf 78' lang='lat' dir='ltr'>some</span> <span class='ocrx_word' id='word_1_182' title='bbox 1400 3553 1547 3612; x_wconf 81' lang='lat' dir='ltr'>verb,</span> <span class='ocrx_word' id='word_1_183' title='bbox 1588 3553 1717 3603; x_wconf 81' lang='lat' dir='ltr'>suoh</span> <span class='ocrx_word' id='word_1_184' title='bbox 1759 3567 1817 3601; x_wconf 89' lang='lat' dir='ltr'>as</span> <span class='ocrx_word' id='word_1_185' title='bbox 1855 3552 2156 3603; x_wconf 67' lang='lat' dir='ltr'>nuntiantes</span> <span class='ocrx_word' id='word_1_186' title='bbox 2191 3567 2250 3602; x_wconf 84' lang='lat' dir='ltr'>or</span> 
     </span>
     <span class='ocr_line' id='line_1_33' title="bbox 230 3627 2266 3709; baseline -0.007 -17"><span class='ocrx_word' id='word_1_187' title='bbox 230 3644 505 3709; x_wconf 69' lang='lat' dir='ltr'>loquentes.</span> <span class='ocrx_word' id='word_1_188' title='bbox 2115 3627 2118 3633; x_wconf 80' lang='grc'><em>’</em></span> <span class='ocrx_word' id='word_1_189' title='bbox 2260 3637 2266 3646; x_wconf 71' lang='grc'><em>’</em></span> 
     </span>
    </p>
   </div>
  </div>
 </body>
</html>
