2384 3970
265 341 343 399 50
476 393 480 397 ,
570 339 1070 402 SELEOTIONS
1110 336 1345 400 FROM
1385 338 1556 401 THE
1598 338 1986 431 VULGATE

267 546 762 626 primogenitum,
795 553 858 606 et
885 545 1106 625 pannis
1134 567 1275 606 eum
1300 543 1593 606 inuoluit:
1624 551 1687 604 et
1712 542 2036 604 reclinauit
2063 563 2204 602 eum
2228 540 2295 603 in

273 645 609 723 praesepiO,
643 644 788 723 quia
816 665 941 705 non
968 651 1102 704 erat
1130 643 1214 703 eis
1238 643 1409 703 locus
1435 642 1500 703 in
1528 641 1880 704 diuersorio.

343 743 367 776 8
399 742 485 805 Et
515 748 794 821 pastores
824 749 1002 802 erant
1029 741 1097 802 in
1125 740 1368 820 regione
1401 742 1616 801 eadem
1645 739 1973 817 uigilantes
2004 745 2067 798 et
2097 743 2295 798 custo-

277 839 516 901 dientes
576 838 817 918 uigilias
880 838 1078 900 noctis
1140 859 1326 918 supra
1388 858 1630 917 gregem
1691 857 1890 897 suum.
1965 837 1988 870 ⁹
2025 835 2110 896 Et
2165 854 2302 896 0000

275 937 526 1017 angelus
548 936 802 999 Domini
823 938 1003 998 stetit
1023 938 1204 997 iuxta
1223 936 1378 1005 illos,
1406 943 1470 996 et
1492 934 1740 996 claritas
1761 933 1879 994 Dei
1901 930 2307 994 circumfulsit

274 1035 428 1106 illos,
463 1042 526 1096 et
554 1035 899 1096 timuerunt
926 1034 1147 1096 timore
1175 1055 1420 1113 magno.
1491 1034 1546 1068 1⁰
1576 1033 1661 1095 Et
1690 1032 1851 1094 dixit
1877 1031 1997 1091 illis
2026 1028 2302 1109 angelus:

277 1133 486 1195 Nolite
499 1133 742 1194 timere:
768 1121 907 1195 ecee
927 1133 1091 1194 enim
1113 1131 1465 1210 euangelizo
1487 1126 1665 1191 uobis
1680 1130 1973 1209 gaudium
1995 1147 2309 1206 magnum,
2380 1142 2384 1143 ’

284 1234 453 1341 quod
470 1231 587 1292 erit
607 1232 772 1292 omni
791 1230 1045 1309 populo:
1034 1231 1107 1265 1·1
1130 1231 1275 1310 quia
1296 1236 1480 1291 natus
1501 1235 1595 1289 est
1614 1228 1791 1288 uobis
1807 1226 1989 1288 hodie
2002 1225 2305 1294 Saluator,

288 1331 396 1412 qui
439 1337 533 1391 est
578 1329 855 1390 Christus
898 1329 1224 1398 Dominus,
1275 1330 1338 1388 in
1382 1326 1640 1388 ciuitate
1682 1324 1910 1386 Dauid.
1982 1323 2035 1358 1²
2065 1324 2151 1385 Et
2194 1322 2310 1383 hoc
2360 1338 2373 1362 ἰ

283 1429 461 1491 uobis
509 1428 776 1508 signum·
830 1426 1167 1488 Inuenietis
1211 1428 1517 1487 infantem
1563 1422 1783 1503 pannis
1828 1398 2197 1489 inuolutum,
2249 1425 2314 1479 et

286 1528 559 1610 positum
593 1529 658 1588 in
690 1526 1026 1606 praesepio.
1099 1525 1152 1560 1³
1183 1526 1269 1587 Et
1313 1524 1520 1585 subito
1562 1524 1732 1583 facta
1777 1528 1871 1582 est
1914 1542 2055 1581 cum
2099 1516 2315 1598 angelo

290 1626 629 1688 multitudo
646 1625 900 1686 militiae
922 1623 1201 1686 caelestis
1214 1620 1608 1685 laudantium
1622 1622 1844 1688 Deum,
1868 1626 1932 1679 et
1948 1616 2313 1680 dicentium:

363 1727 416 1762 ²4
450 1724 657 1786 Gloria
680 1724 743 1784 in
768 1723 1083 1784 altissimis
1103 1723 1256 1792 Deo,
2317 1704 2320 1705 ⁷

531 1831 594 1883 et
619 1822 684 1883 in
710 1829 875 1881 terra
901 1842 1026 1901 pax
1050 1820 1117 1882 in
1142 1818 1497 1880 hominibus
1523 1818 1723 1879 bonae
1748 1813 2108 1876 uoluntatis,

1139 2188 1142 2192 ⁴
1218 2158 1305 2219 II.
1349 2160 1423 2218 25
1438 2159 1564 2217 -32,

1036 2214 1086 2243 s

373 2293 424 2330 ²⁵
456 2295 542 2356 Et
571 2316 709 2355 ecce
738 2293 923 2353 homo
954 2298 1088 2351 erat
1115 2291 1181 2351 in
1210 2287 1614 2357 Hierusalem,
1650 2285 1750 2347 cui
1779 2307 2004 2347 nomen
2033 2283 2325 2363 Symeon:

305 2403 370 2455 et
401 2396 587 2455 homo
618 2393 736 2452 iste
767 2393 969 2451 iustus
1002 2396 1066 2450 et
1097 2388 1445 2456 timoratuS,
1484 2391 1816 2464 expectans
1849 2383 2333 2446 consolationem

306 2491 558 2561 Israhel,
608 2499 671 2552 et
716 2489 978 2569 Spiritus
1021 2494 1272 2549 sanctus
1316 2493 1449 2546 erat
1491 2486 1556 2546 in
1600 2505 1691 2545 ec.
1764 2484 1816 2519 ²⁶
1846 2484 1932 2544 Et
1973 2503 2358 2561 responsum·

311 2597 633 2669 acceperat
669 2588 748 2648 ab
787 2586 1021 2667 Spiritu
1056 2591 1289 2670 sanctO,
1330 2605 1454 2644 11011
1488 2583 1766 2642 111511111111
1801 2601 1867 2640 50
1899 2586 2180 2648 mortem,
2219 2577 2339 2640 nisi

312 2689 481 2770 prius
517 2687 758 2749 uideret
795 2684 1106 2745 Christum
1142 2678 1414 2758 Domini.
1490 2679 1542 2716 ²⁷
1571 2679 1656 2741 Et
1693 2678 1865 2738 uenit
1900 2677 1968 2738 in
2005 2676 2239 2756 Spiritu
2273 2674 2341 2737 in
2376 2669 2379 2671 ’

315 2786 636 2868 templum,
671 2787 758 2847 Et
787 2806 928 2845 cum
956 2783 1318 2844 inducerent
1347 2800 1607 2859 puerum
1637 2778 1844 2837 Iesum
1873 2782 2161 2855 parentes
2190 2773 2337 2858 eius,
2381 2783 2384 2789 ‘

322 2875 392 2948 ut
414 2888 690 2947 facerent
714 2884 1053 2944 secundum
1080 2878 1591 2941 consuetudinem
1614 2874 1764 2956 legis
1789 2894 1901 2952 pro
1928 2894 2018 2944 ec,
2041 2873 2093 2908 ²⁸
2125 2878 2188 2933 et
2211 2872 2344 2951 ipse

321 2984 561 3063 accepit
589 3004 729 3044 eum
755 2982 821 3043 in
849 2981 1025 3041 ulnas
1053 2999 1212 3047 51135,
1245 2985 1309 3038 et
1335 2974 1653 3038 benedixit
1677 2976 1881 3035 Deum
1908 2979 1972 3032 et
1996 2971 2186 3033 dixit:

396 3084 448 3120 2⁹
479 3083 658 3143 Nunc
688 3079 953 3143 dimittis
983 3099 1229 3138 seruum
1257 3084 1455 3144 tuum,

559 3177 841 3246 Domine,
874 3178 1212 3237 secundum
1239 3173 1499 3234 uerbum
1527 3179 1707 3231 tuum
1733 3169 1798 3229 in
1826 3190 2004 3247 pace:

399 3280 450 3315 3⁰
483 3278 627 3362 quia
654 3277 946 3337 uiderunt
975 3273 1134 3334 oculi
1160 3272 1281 3333 mei
1309 3271 1575 3331 salutare
1602 3276 1800 3336 tuum,

557 3376 603 3412 ³¹
640 3377 806 3454 quod
829 3372 1064 3452 parasti
1087 3378 1231 3431 ante
1254 3369 1475 3430 faciem
1498 3366 1774 3428 omnium
1797 3367 2191 3445 populorum:
2251 3424 2259 3436 J

403 3476 453 3511 3²
481 3475 693 3535 lumen
717 3474 797 3532 ad
820 3469 1260 3531 reuelationem
1285 3466 1577 3546 gentium,

570 3579 632 3633 et
662 3569 917 3650 gloriam
945 3566 1141 3648 plebis
1170 3573 1317 3627 tuae
1345 3562 1596 3625 Israhel.
