2384 3970
43 0 127 14 “wa
143 0 246 16 ‘ap-„755
268 3 275 7 -
340 3 344 8 .
407 10 410 11 γ
462 0 487 5 —-
632 0 634 2 -

38 12 177 36 *¹2:¹⁷3*
226 14 237 22 ¹*
407 18 412 22 ³
435 35 438 38 ἢ
458 29 486 36 υ
508 16 535 35 ’ξ

42 59 56 70 «,
69 46 93 66 ,’
119 42 139 64 .’
200 39 265 54 ’ΠΙ
313 59 322 65 «ν
423 41 443 56 s

0 0 42 221 ἰ
81 160 85 166 .

18 210 22 221 1

836 403 1396 465 APOCALYPSIS
2042 406 2117 463 59

98 607 425 670 stitutione
448 629 574 677 sua,
604 614 666 668 et
689 599 1031 668 uindicauit
1055 607 1413 684 sanguinem
1436 627 1749 666 seruorum
1774 628 2020 666 suorum
2044 610 2119 667 de

0 703 19 735 ζ’
100 695 388 767 manibus
407 705 554 766 eius·
626 705 651 739 ³
682 707 767 767 Et
786 704 1011 765 iterum
1033 705 1347 766 dixerunt:
1372 702 1657 764 Alleluia:
1685 711 1746 763 et
1766 704 1972 764 fumus
1993 703 2121 764 eius

104 803 381 864 ascendit
420 801 487 863 in
526 801 768 862 saecula
812 801 1211 862 saeculorum.
1285 801 1308 833 4
1340 802 1424 859 Et
1465 800 1814 861 ceciderunt
1858 800 2121 860 seniores

64 982 66 985 y
103 900 326 978 uiginti
345 906 659 980 quattuor,
684 905 745 959 et
765 906 1062 978 quattuor
1080 896 1387 958 animalia.
1411 905 1473 956 et
1491 900 1905 958 adorauerunt
1922 899 2123 957 Deum

2 1068 14 1070 ἡ
53 1011 58 1015 ’
101 1001 419 1060 sedentem
455 1018 635 1076 super
671 999 982 1063 thronum,
1025 997 1324 1057 dicentes:
1362 995 1586 1055 Amen:
1628 993 1906 1054 Alleluia.
1981 995 2004 1029 ⁵
2036 996 2120 1053 Et

101 1118 227 1157 uox
267 1098 342 1157 de
380 1097 606 1155 throno
646 1093 857 1161 exiuit,
902 1093 1134 1155 dicens:
1177 1093 1455 1154 Laudem
1494 1092 1679 1153 dicite
1717 1091 1851 1152 Deo
1890 1098 2117 1160 nostrO,

103 1214 314 1255 omnes
341 1193 502 1254 serui
528 1194 657 1254 eius
685 1200 747 1253 et
775 1192 883 1273 qui
908 1190 1143 1251 timetis
1171 1213 1327 1258 eum,
1360 1189 1565 1269 pusilli
1593 1198 1655 1250 et
1683 1191 1907 1267 magni.
1982 1191 2004 1225 ⁶
2036 1191 2122 1252 Et

102 1290 315 1353 audiui
342 1290 520 1371 quasi
544 1311 762 1351 uocem
787 1290 1010 1350 turbae
1028 1307 1303 1366 magnae,
1327 1295 1389 1347 et
1412 1286 1570 1347 sicut
1586 1308 1802 1348 uocem
1821 1308 2122 1366 aquarum

101 1389 456 1455 multarum,
483 1396 544 1448 et
567 1388 726 1449 sicut
746 1408 963 1448 uocem
983 1387 1329 1447 tonitruum
1351 1405 1730 1463 magnorum,
1757 1384 2120 1446 dicentium:

17 1500 24 1503 ”
101 1484 391 1548 Alleluia:
447 1485 740 1566 quoniam
793 1484 1077 1563 regnauit
1127 1473 1641 1544 Dominus-Deus
1686 1490 1892 1543 noster
1934 1482 2124 1544 omni-

102 1590 342 1664 potens·
415 1583 440 1619 ⁷
472 1583 865 1645 Gaudeamus
895 1589 958 1641 et
996 1580 1357 1648 exultemus,
1390 1588 1452 1640 et
1489 1583 1703 1642 demus
1743 1579 1996 1658 gloriam
2038 1579 2119 1640 ei:

103 1681 250 1762 quia
265 1676 570 1742 uenerunt
587 1679 1026 1759 nuptiaeAgni‚
1044 1686 1106 1739 et
1124 1699 1280 1738 uxor
1298 1678 1427 1738 eius
1443 1678 1838 1756 praeparauit
1858 1699 1938 1736 se.
1986 1677 2008 1711 s
2034 1678 2119 1740 Et

101 1782 320 1841 datum
341 1786 434 1839 est
451 1777 540 1836 illi
558 1786 630 1838 ut
648 1777 962 1857 cooperiat
982 1799 1044 1837 se
1063 1776 1383 1856 byssinum
1404 1778 1744 1855 splendens,
1769 1777 2119 1838 candidum.

101 1875 433 1954 Byssinum
468 1875 632 1936 enim
665 1875 1133 1936 iustificationes
1169 1881 1314 1935 sunt
1352 1882 1725 1946 sanctorum.
1799 1875 1822 1908 ⁹
1854 1876 1938 1936 Et
1975 1872 2126 1934 dicit

101 1972 279 2035 mihi:
317 1972 549 2035 Scribe:
585 1972 784 2042 Beati,
822 1973 928 2053 qui
959 1975 1042 2034 ad
1061 1991 1315 2033 caenam
1338 1971 1695 2050 nuptiarum
1718 1972 1879 2050 Agni
1908 1969 2119 2032 uocati

106 2081 271 2135 sunt.
340 2076 425 2138 Et
446 2075 595 2136 dicit
616 2073 792 2135 mihi:
815 2075 987 2134 Haec
1006 2074 1197 2134 uerba
1218 2095 1364 2133 uera
1384 2073 1501 2133 Dei
1520 2080 1685 2134 sunt.
1741 2073 1795 2107 1⁰
1826 2074 1910 2133 Et
1931 2071 2122 2133 cecidi

105 2179 252 2232 ante
276 2174 463 2249 pedes
490 2172 636 2240 eius,
659 2180 731 2232 ut
759 2174 1080 2233 adorarem
1114 2194 1272 2232 eum.
1354 2173 1438 2234 Et
1467 2170 1617 2251 dicit
1640 2170 1817 2231 mihi:
1854 2170 2011 2232 Uide
2047 2191 2122 2231 ne

100 2268 341 2331 seceris:
373 2290 703 2331 conseruus
731 2276 878 2329 tuus
909 2290 1061 2336 sum,
1096 2276 1158 2328 et
1187 2269 1452 2329 fratrum
1480 2276 1731 2329 tuorum
1759 2267 2122 2328 habentium

19 2429 35 2437 f
101 2366 528 2442 testimonium
565 2367 726 2428 Iesu,
806 2371 1009 2428 Deum
1044 2370 1260 2429 adora:
1306 2367 1731 2427 testimonium
1775 2365 1936 2425 enim
1980 2367 2122 2440 Iesu

103 2471 197 2525 est
219 2463 471 2543 spiritus
491 2463 873 2544 prophetiae.

859 2874 865 2881 .
931 2801 1112 2861 XXI.
1156 2803 1289 2860 1-8.

168 2958 173 2965 ·
235 2939 320 3001 Et
343 2938 473 2999 uidi
491 2937 728 3000 caelum
752 2960 984 3000 nouum
1016 2945 1078 2998 et
1108 2945 1339 2999 terram
1372 2958 1625 2999 nouam:
1660 2936 1927 3015 primum
1960 2936 2122 2997 enim

105 3034 344 3098 caelum
368 3043 431 3095 et
455 3035 653 3112 prima
678 3044 842 3096 terra
869 3035 1040 3103 abiit,
1072 3043 1134 3095 et
1159 3056 1328 3095 mare
1352 3035 1476 3095 iam
1503 3057 1628 3096 non
1654 3042 1765 3095 est.
1812 3035 1836 3068 2
1868 3036 1952 3095 Et
1978 3033 2123 3095 ciui-

105 3141 304 3194 tatem
346 3140 625 3194 sanctam
667 3132 1054 3194 Hierusalem
1096 3154 1322 3193 nouam
1364 3133 1495 3193 uidi
1537 3135 2007 3194 descendentem
2050 3133 2125 3191 de

105 3229 273 3292 caelo
299 3252 335 3290 a
351 3233 505 3299 Dec,
522 3223 807 3308 paratam
834 3229 992 3291 sicut
1020 3251 1307 3308 sponsam
1330 3236 1612 3291 ornatam
1638 3230 1772 3289 uiro
1798 3250 1926 3288 suo.
1986 3228 2010 3262 ³
2039 3228 2124 3286 Et

105 3327 319 3387 audiui
351 3347 568 3387 uocem
594 3348 882 3405 magnam
911 3330 985 3389 de
1014 3329 1239 3387 throno
1277 3328 1607 3387 dicentem:
1649 3327 1807 3386 Ecce
1843 3325 2129 3384 taberna-

109 3423 315 3487 culum
356 3423 474 3483 Dei
515 3446 654 3484 cum
696 3424 1064 3493 hominibUS‚
1114 3431 1175 3484 et
1217 3425 1528 3484 habitabit
1571 3445 1709 3483 cum
1754 3422 1862 3481 eis:
1910 3429 1970 3480 et
2012 3419 2125 3497 ipsi

109 3518 379 3599 populus
412 3517 539 3579 eius
572 3526 767 3587 erunt,
805 3527 867 3579 et
897 3521 1027 3596 ipse
1058 3523 1226 3579 Deus
1257 3541 1398 3579 cum
1430 3519 1514 3577 eis
1546 3518 1661 3576 erit
1694 3538 1901 3576 eorum
1933 3518 2126 3575 Deus:

103 3615 127 3648 4
164 3623 226 3677 et
266 3616 577 3694 absterget
614 3617 782 3675 Deus
822 3636 1064 3676 omnem
1099 3615 1415 3675 lacrimam
1454 3615 1531 3673 ab
1574 3614 1761 3674 oculis
1799 3632 2032 3672 eorum:
2074 3619 2135 3671 et
2203 3642 2207 3646 Δ
