2384 3970
0 452 2 454 V
63 373 1936 438 EOOLESIASTEs—-SAPIENTIA—EGOLESIASTIOUS
1995 379 2073 439 35

664 783 667 785 ·
771 754 1118 816 SAPIENTIA
1159 754 1280 815 III.
1326 744 1465 815 1.-9.

139 905 159 940 ¹
197 905 511 966 Iustorum
538 909 746 964 autem
774 902 1010 963 animae
1038 900 1103 962 in
1128 922 1315 961 manu
1342 902 1458 962 Dei
1480 911 1647 973 sunt,

193 1010 255 1063 et
284 1023 409 1063 non
434 1008 650 1080 tanget
679 1000 813 1061 illos
841 1007 1221 1061 tormentum
1249 1000 1480 1060 11101110.

139 1101 164 1135 ²
194 1098 330 1161 Uisi
357 1105 501 1159 sunt
529 1098 718 1160 oculis
742 1097 1162 1176 insipientium
1188 1098 1366 1181 mori:

193 1204 255 1260 et
280 1198 606 1258 aestimata
632 1204 725 1258 est
749 1196 998 1258 afflictio
1023 1197 1225 1257 exitus
1247 1195 1511 1257 illorum:

139 1296 164 1331 ³
197 1303 260 1358 et
285 1298 453 1377 quod
477 1317 512 1356 a
538 1295 714 1356 nobis
739 1303 832 1356 est
856 1295 988 1364 iter,
1020 1293 1472 1356 exterminium:

190 1392 279 1453 illi
307 1401 517 1455 autem
544 1401 691 1454 sunt
715 1392 781 1454 in
805 1415 972 1472 pace.
1343 1411 1346 1413 ·

139 1492 163 1526 4
194 1492 281 1552 Et
306 1491 357 1551 si
380 1511 587 1551 coram
611 1488 962 1551 hominibus
985 1495 1295 1550 tormenta
1320 1489 1484 1568 passi
1510 1497 1669 1560 sunt,

192 1610 329 1668 spes
357 1587 601 1649 illorum
629 1587 1097 1649 immortalitate
1127 1586 1308 1664 plena
1340 1595 1449 1647 est.

139 1687 163 1722 5
195 1688 272 1749 In
299 1685 512 1766 paucis
540 1685 767 1754 uexati,
799 1685 866 1747 in
893 1684 1105 1746 multis
1131 1686 1288 1747 bene
1315 1686 1741 1766 disponentur:

191 1784 484 1865 quoniam
508 1785 677 1844 Deus
700 1784 994 1845 temtauit
1020 1804 1137 1851 eos,
1170 1790 1231 1843 et
1255 1782 1496 1845 inuenit
1516 1784 1652 1846 illos
1674 1787 1886 1868 dignos
1910 1811 1991 1849 00.

140 1882 163 1918 ⁶
197 1887 541 1963 Tamquam
567 1903 786 1943 aurum
810 1881 877 1943 in
901 1881 1148 1943 fornace
1175 1882 1465 1959 probauit
1490 1882 1639 1953 illos,

192 1988 255 2041 et
282 1979 459 2061 quasi
485 1979 828 2041 holocausti
854 1978 1122 2040 hostiam
1150 1980 1386 2058 accepit
1411 1978 1560 2049 illos,

139 2080 164 2115 ⁷
197 2086 260 2140 et
280 2081 351 2141 in
377 2087 653 2158 tempore
680 2078 796 2140 erit
819 2084 1131 2158 respectus
1155 2077 1414 2139 illorum.

193 2176 543 2256 Fulgebunt
570 2173 732 2244 iusti,

193 2280 256 2336 et
284 2281 610 2354 tamquam
640 2272 935 2334 scintillae
968 2273 1034 2335 in
1064 2274 1432 2336 arundineto
1461 2275 1820 2340 discurrent.

137 2375 163 2410 ⁸
193 2375 571 2437 Iudicabunt
598 2373 895 2443 nationeS‚
927 2381 988 2434 et
1016 2373 1501 2436 dominabuntur
1525 2377 1785 2455 populis,

191 2481 254 2535 et
276 2473 560 2552 regnabit
582 2472 885 2535 Dominus
907 2471 1150 2534 illorum
1173 2472 1239 2534 in
1261 2480 1647 2553 perpetuum.

141 2572 166 2607 ⁹
197 2572 317 2644 Qui
341 2572 662 2633 confidunt
687 2570 753 2632 in
776 2569 900 2639 illo,
928 2569 1287 2651 intellegent
1312 2572 1641 2635 ueritatem
1655 2596 1672 2636 ε.

194 2677 258 2731 et
286 2668 496 2732 fideles
523 2669 590 2731 in
620 2669 946 2733 dilectione
976 2671 1374 2750 adquiescent
1404 2669 1515 2732 illi:

110 2783 111 2786 ’
194 2767 487 2848 quoniam
512 2771 743 2846 donum
766 2774 829 2828 et
844 2789 978 2862 'pax
1002 2774 1096 2828 est
1119 2766 1327 2830 electis
1351 2767 1495 2830 eius,

561 3172 1102 3234 EocLEsmsTmth
1142 3173 1367 3234 XLIV.
1411 3178 1578 3237 1-23.

115 3359 117 3361 ·
166 3322 187 3356 ²
222 3322 572 3383 Laudemus
598 3319 761 3381 uiros
789 3320 1094 3400 gloriosos

233 3426 297 3480 et
321 3425 608 3498 parentes
633 3426 873 3480 nostros
898 3418 963 3481 in
988 3421 1377 3498 generatione
1403 3442 1530 3482 sua.

168 3517 193 3551 ²
223 3515 486 3583 Multam
511 3514 765 3595 gloriam
788 3508 936 3577 fecit
960 3516 1261 3578 Dominus

237 3612 690 3694 magnificentia
721 3634 831 3674 sua
860 3636 896 3674 a
929 3615 1186 3675 saeculo.
