2384 3970
812 297 1494 360 EGOLESIASTIOUS
1891 365 1895 366 γ
2047 297 2117 354 37

185 504 238 539 ¹5
270 504 649 584 Sapientiam
677 505 952 583 ipsorum
983 512 1232 566 narrent
1263 505 1490 583 populi,

272 609 335 662 et
359 601 607 664 laudem
634 624 843 663 eorum
869 603 1114 664 nuntiet
1141 601 1406 663 ecclesia.

183 798 233 832 ¹⁶
263 799 479 859 Enoch
503 799 737 876 placuit
760 800 910 868 Deo,
941 804 1004 857 et
1027 796 1366 859 translatus
1391 805 1484 857 est
1507 796 1572 858 in
1596 797 1967 876 paradisum,

269 901 342 955 ut
371 897 478 957 det
507 895 795 974 gentibus
823 895 1291 974 paenitentiam.

181 992 233 1028 ¹⁷
265 992 396 1051 Noe
422 991 714 1052 inuentus
741 999 833 1053 est
859 992 1182 1072 perfectus,
1213 991 1427 1061 iustuS,

268 1096 331 1150 et
353 1089 420 1152 in
442 1096 718 1170 tempore
739 1090 1090 1152 iracundiae
1114 1092 1318 1151 factus
1344 1098 1438 1150 est
1462 1089 1891 1151 reconciliatio,

266 1189 417 1249 Ideo
447 1187 766 1249 dimissum
796 1195 889 1248 est
918 1188 1227 1268 reliquum
1258 1197 1473 1257 terrae,

268 1306 410 1345 cum
436 1285 674 1347 factum
702 1293 795 1347 est
823 1287 1144 1348 diluuium.

181 1384 234 1419 ¹⁸
266 1387 663 1446 Testamenta
693 1385 918 1445 saeculi
947 1386 1150 1463 posita
1182 1391 1327 1445 sunt
1359 1388 1527 1463 apud
1555 1384 1745 1452 illum,

270 1506 345 1544 ne
373 1482 559 1545 deleri
584 1482 779 1561 possit
808 1482 1040 1544 diluuio
1071 1483 1266 1543 omnis
1293 1503 1452 1543 caro,

183 1679 235 1713 ¹⁹
263 1680 578 1740 Abraham
604 1700 864 1758 magnus
889 1686 1066 1758 pater
1093 1680 1510 1741 multitudinis
1536 1678 1826 1758 gentium,

269 1784 331 1838 61,
357 1799 481 1839 non
505 1784 597 1838 est
619 1777 911 1838 inuentus
937 1777 1147 1838 similis
1170 1778 1254 1837 illi
1279 1777 1344 1838 in
1368 1777 1584 1856 gloria:

183 1875 235 1910 2⁰
266 1876 374 1955 qui
401 1875 791 1936 conseruauit
815 1874 1014 1954 legem
1040 1875 1298 1946 Excelsi,

269 1980 331 2033 et
354 1973 475 2034 fuit
497 1972 562 2034 in
584 1979 961 2034 testamento
984 1996 1124 2034 cum
1146 1973 1269 2034 illo.

268 2072 345 2132 In
371 2092 551 2132 carne
579 2071 708 2132 eius
735 2078 898 2132 stare
924 2072 1071 2132 fecit
1098 2080 1557 2142 testamentum,
1637 2123 1640 2126 ⁴

268 2175 330 2228 et
358 2168 424 2230 in
451 2168 819 2230 temtatione
846 2169 1136 2231 inuentus
1166 2177 1258 2230 est
1286 2170 1500 2232 fidelis.

181 2365 230 2399 2²
264 2367 414 2428 Ideo
438 2365 830 2428 iureiurando
856 2367 1027 2428 dedit
1052 2366 1139 2425 illi
1164 2366 1419 2446 gloriam
1444 2366 1508 2427 in
1534 2375 1714 2445 gente
1742 2387 1866 2435 sua,

264 2484 528 2524 crescere
557 2463 732 2525 illum
766 2464 942 2544 quasi
971 2473 1167 2525 terrae
1204 2465 1532 2534 cumulum,

268 2568 330 2621 et
355 2568 428 2622 ut
453 2561 660 2622 stellas
686 2561 958 2623 exaltare
985 2584 1190 2623 semen
1215 2563 1357 2631 61116,

267 2666 331 2718 61,
357 2659 699 2720 hereditare
723 2659 856 2720 illos
883 2681 919 2719 a
945 2661 1101 2720 mari
1126 2657 1319 2740 usque
1345 2663 1426 2722 ad
1450 2682 1633 2729 mare,

269 2763 331 2817 et
359 2778 394 2817 a
420 2757 670 2819 flumine
696 2779 888 2838 usque
917 2762 997 2820 ad
1022 2758 1316 2820 terminos
1341 2767 1558 2819 terrae.

183 2853 234 2888 22
263 2856 349 2915 Et
372 2854 438 2916 in
459 2855 635 2936 Isaac
657 2860 872 2919 eodem
895 2860 1079 2919 modo
1106 2857 1254 2926 fecit
1276 2865 1528 2936 propter
1549 2857 1864 2917 Abraham
1887 2865 2126 2936 patrem

345 2974 488 3014 61116.

267 3049 766 3114 Benedictionem
803 3054 1075 3133 omnium
1112 3053 1402 3116 Gentium
1438 3054 1609 3115 dedit
1642 3052 1730 3112 illi
1763 3053 2082 3122 DominUS,

181 3146 233 3181 2³
264 3154 331 3209 et
356 3156 800 3211 testamentum
830 3150 1218 3211 confirmauit
1251 3172 1430 3230 super
1461 3159 1647 3230 caput
1679 3153 1884 3212 Iacob.

265 3246 537 3322 Agnouit
565 3246 797 3328 eumin
824 3247 1354 3311 benedictionibus
1383 3249 1522 3317 61116,

268 3349 330 3401 61,
360 3344 529 3403 dedit
557 3343 643 3402 illi
671 3346 1091 3416 hereditatem,

271 3447 334 3499 et
357 3440 569 3502 diuisit
590 3441 677 3500 illi
699 3451 939 3521 partem

262 3538 336 3598 in
362 3538 647 3599 tribubus
675 3541 1011 3602 duodecim.
