2384 3970
943 314 1244 374 PSALMI
1892 376 1897 387 s
2022 316 2099 373 25

168 521 221 556 14
250 521 471 581 Libera
500 542 597 581 me
628 523 703 583 de
733 519 1130 598 sanguinibus
1158 522 1343 588 DeuS,
1377 522 1545 580 Deus
1575 519 1789 581 salutis
1817 541 2015 582 meae:

255 625 319 679 et
349 618 655 679 exultabit
683 617 893 697 lingua
922 640 1060 678 mea
1088 617 1393 678 iustitiam
1423 625 1615 678 tuam.

168 716 222 751 ²⁵
250 716 530 784 Domine,
561 715 727 776 labia
755 737 892 777 mea
920 715 1177 794 aperies:

254 822 318 875 et
353 836 416 875 os
449 837 655 875 meum
687 814 1086 876 adnuntiabit
1115 812 1364 875 laudem
1395 819 1589 875 tuam.

163 912 216 948 1⁶
249 911 554 985 Quoniam
580 913 630 972 si
655 911 948 972 uoluisses
971 894 1355 979 sacrificium,
1386 912 1690 973 dedissem
1716 910 1958 1028 utique:

254 1010 626 1072 holocaustis
661 1033 786 1072 non
819 1009 1232 1072 delectaberis.

164 1108 218 1146 ¹⁷
251 1110 626 1171 Sacrificium
657 1111 790 1169 Deo
824 1109 1071 1188 spiritus
1105 1107 1578 1169 contribulatus:

252 1228 354 1267 cor
385 1207 737 1275 contritum,
773 1214 836 1267 et
866 1206 1259 1288 humiliatum
1287 1208 1456 1266 Deus
1487 1228 1611 1267 non
1640 1207 1951 1286 despicies.

163 1341 214 1375 1⁸
248 1340 520 1419 Benigne
547 1340 645 1402 fac
672 1339 978 1401 Domine
963 1361 1029 1401 1n
1056 1340 1220 1402 bona
1247 1338 1572 1441 uoluntate
1598 1346 1711 1401 tua
1741 1340 1911 1402 Sion.

253 1445 326 1498 ut
356 1437 754 1499 aedificentur
784 1437 945 1498 muri
973 1432 1379 1498 Hierusalem.

170 1532 223 1570 ¹⁹
246 1539 415 1597 Tunc
474 1535 824 1614 acceptabis
880 1533 1244 1637 sacrificium
1277 1534 1570 1602 iustitiae,
1625 1535 1982 1606 oblationeS,
2045 1543 2109 1598 et

329 1631 712 1694 holocausta:

250 1738 399 1793 tunc
419 1730 720 1810 inponent
740 1751 921 1810 super
942 1729 1136 1791 altare
1154 1737 1336 1791 tuum
1356 1731 1600 1793 uitulos.

575 2046 876 2105 PsALMUs
915 2042 1181 2120 LXVII.
1224 2003 1472 2122 (LXVI.
1523 2047 1740 2125 ναις).

170 2183 192 2218 1
216 2188 384 2246 Deus
411 2184 771 2246 misereatur
799 2185 1007 2253 nostri,
1042 2191 1105 2244 et
1132 2185 1458 2247 benedicat
1486 2187 1688 2248 nobis:

210 2282 537 2344 inluminet
563 2284 810 2343 uultum
838 2284 1017 2343 suum
1045 2303 1226 2360 super
1254 2304 1382 2357 nos,
1416 2291 1478 2344 et
1505 2283 1863 2346 misereatur
1891 2284 2104 2346 nostri.

161 2381 185 2415 ²
216 2382 307 2442 Ut
330 2401 768 2459 cognoscamus
791 2379 857 2442 in
879 2388 1043 2442 terra
1066 2381 1235 2441 uiam
1256 2388 1459 2442 tuam:

212 2480 278 2540 in
308 2479 590 2540 omnibus
620 2478 905 2558 gentibus
935 2478 1201 2539 salutare
1228 2486 1427 2540 tuum.

162 2577 186 2612 ³
219 2566 641 2639 Confiteantur
669 2576 786 2637 tibi
813 2577 1026 2656 populi
1052 2579 1246 2638 Deus·

213 2674 623 2735 confiteantur
646 2674 766 2734 tibi
790 2675 1003 2754 populi
1029 2695 1255 2736 omnes.

162 2774 187 2807 4
215 2756 557 2836 Laetentur
576 2782 638 2834 et
657 2775 937 2836 exultent
955 2782 1192 2852 gentes:

213 2873 505 2952 quoniam
530 2872 767 2935 iudicas
793 2873 1095 2951 populos
1079 2893 1146 2934 1n
1174 2875 1505 2953 aequitate,

215 2977 277 3030 et
303 2977 515 3049 gentes
539 2969 605 3030 in
631 2977 795 3029 terra
822 2970 1047 3049 dirigis.

162 3067 185 3102 ⁵
218 3068 640 3129 Confiteantur
665 3068 783 3127 tibi
807 3069 1021 3147 populi
1045 3072 1229 3137 Deus,

213 3165 624 3227 confiteantur
652 3165 770 3226 tibi
796 3167 1010 3246 populi
1039 3189 1272 3228 omnes:

162 3266 185 3300 ⁶
218 3270 381 3323 terra
408 3265 579 3325 dedit
603 3264 876 3325 fructum
902 3286 1099 3325 suum.

214 3361 550 3422 Benedicat
579 3383 688 3422 nos
715 3365 900 3430 Deus,
931 3365 1099 3423 Deus
1128 3372 1352 3431 noster,

163 3459 186 3494 ⁷
218 3459 554 3519 Benedicat
586 3481 695 3519 nos
726 3462 917 3520 Deus:

214 3564 275 3617 et
303 3564 586 3617 metuant
614 3579 753 3617 eum
780 3579 990 3620 omnes
1014 3560 1166 3620 fines
1191 3567 1407 3620 terrae.
