2384 3970
11 177 13 181 s
100 172 2108 204 .-...-....—-----——-———————-—-

613 261 1587 345 DEUTERONOMIUM-—IOB
2033 258 2097 314 21

186 480 210 514 ⁶
240 481 438 540 Locus
468 477 742 557 sapphiri
769 473 1002 553 lapides
1032 472 1175 541 eius,

249 585 313 637 et
338 576 550 655 glebae
573 574 735 634 illius
763 594 998 633 aurum.

184 675 208 711 ⁷
240 674 535 736 Semitam
559 673 870 752 ignorauit
897 671 1045 737 auis,

188 771 190 776 ’
247 794 357 834 1166
383 771 649 832 intuitus
676 777 771 830 est
799 791 934 830 eam
963 767 1173 828 oculus
1200 763 1483 826 uulturis.

153 858 155 860 V
182 871 206 906 ⁸
236 873 379 932 Non
402 869 798 931 calcauerunt
823 889 960 928 eam
983 865 1093 926 filii
1115 865 1489 930 institorum,

246 990 358 1030 nec
381 967 784 1047 pertransiuit
806 986 915 1045 per
939 986 1076 1025 eam
1096 963 1332 1024 leaena.

181 1069 205 1103 ⁹
235 1069 336 1130 Ad
360 1066 590 1128 silicem
617 1064 901 1127 extendit
925 1084 1181 1124 manum
1208 1082 1403 1128 suam,

245 1164 556 1226 subuertit
583 1187 619 1225 a
646 1163 958 1226 radicibus
985 1168 1247 1222 montes.
1328 1199 1336 1221 ⁴.

158 1264 218 1336 ²⁰·
243 1264 321 1326 In
346 1248 539 1341 petris
566 1262 732 1323 riuos
762 1261 1010 1328 excidit,

244 1368 308 1421 et
337 1382 516 1422 omne
543 1359 882 1439 pretiosum
909 1357 1071 1419 uidit
1100 1356 1311 1417 oculus
1340 1354 1486 1415 61116.

155 1459 204 1494 11
237 1458 555 1521 Profunda
582 1478 828 1538 quoque
855 1454 1185 1516 fluuiorum
1212 1458 1523 1513 scrutatus
1552 1456 1664 1520 est,

243 1565 306 1619 et
333 1557 698 1620 abscondita
723 1556 790 1617 in
812 1554 1014 1616 lucem
1039 1553 1354 1632 produxit.

165 1656 213 1693 ²²
242 1656 558 1737 Sapientia
583 1677 730 1717 uero
756 1654 865 1716 ubi
888 1653 1203 1715 inuenitur
1227 1653 1251 1712 Ζ

242 1756 471 1837 etquis
496 1761 590 1816 est
612 1753 784 1815 locus
809 1751 1270 1831 intellegentiae
1297 1751 1320 1810 ’ἑ

155 1853 209 1890 13
240 1854 454 1915 Nescit
481 1855 667 1915 homo
695 1851 966 1931 pretium
995 1851 1140 1919 eius,

241 1974 351 2013 nec
377 1951 692 2013 inuenitur
716 1950 783 2011 in
807 1956 974 2011 terra
1001 1949 1274 2009 suauiter
1300 1946 1665 2009 uiuentium·

164 2048 515 2130 “Abyssus
542 2050 719 2112 dicit:
748 2048 894 2109 Non
919 2054 1012 2108 est
1037 2047 1104 2108 in
1128 2068 1255 2107 me:

241 2155 304 2210 et
331 2169 499 2209 mare
521 2146 825 2227 loquitur:
855 2147 1000 2207 Non
1027 2152 1120 2206 est
1146 2167 1406 2206 mecum.

64 2282 74 2290 --
154 2244 208 2281 ¹⁵
237 2246 382 2306 Non
405 2245 657 2307 dabitur
682 2265 902 2304 aurum
927 2242 1202 2304 obrizum
1226 2263 1339 2321 pro
1363 2263 1451 2312 ea,
1519 2233 1522 2236 ⁴

241 2364 351 2404 nec
384 2345 770 2422 appendetur
801 2347 1128 2420 argentum
1157 2341 1223 2401 in
1254 2337 1740 2400 commutatione
1772 2335 1918 2397 eius,

150 2439 203 2474 ¹⁶
234 2441 377 2500 Non
402 2439 752 2499 conferetur
777 2438 990 2499 tinctis
1020 2437 1237 2500 Indiae
1262 2436 1584 2505 coloribuS‚

238 2558 349 2598 nec
380 2535 575 2615 lapidi
610 2538 997 2615 sardonycho
1026 2534 1485 2614 pretiosissimo,
1518 2533 1617 2595 uel
1649 2532 1956 2613 sapphiro,

153 2634 208 2669 ¹⁷
239 2636 382 2696 Non
409 2633 864 2714 adaequabitur
894 2634 949 2694 ei
977 2655 1197 2695 aurum
1227 2632 1328 2696 uel
1353 2633 1607 2702 uitrum,

237 2754 347 2794 1166
376 2733 927 2794 commutabuntur
953 2753 1065 2811 pro
1093 2753 1165 2809 ea
1192 2754 1342 2793 uasa
1371 2730 1533 2792 auri:

150 2829 203 2864 18
234 2828 493 2891 Excelsa
518 2837 580 2890 et
603 2830 936 2892 eminentia
962 2853 1087 2892 non
1113 2817 1622 2892 memorabuntur
1645 2825 2099 2907 comparatione

318 2949 473 2989 elus:
1161 2983 1169 2991 .

235 3026 505 3086 trahitur
533 3033 743 3088 autem
769 3028 1073 3105 sapientia
1101 3030 1175 3090 de
1206 3026 1477 3088 occultis.

150 3123 204 3158 19
234 3124 376 3185 Non
398 3125 851 3205 adaequabitur
876 3126 930 3185 ei
952 3126 1234 3204 topazius
1260 3129 1334 3188 de
1357 3125 1705 3203 Aethiopia,

236 3241 347 3282 nec
379 3221 687 3283 tincturae
721 3223 1160 3284 mundissimae
1192 3230 1612 3301 componetur.

152 3317 204 3352 ²⁰
234 3320 414 3379 Unde
443 3338 584 3397 ergo
610 3319 914 3397 sapientia
941 3320 1114 3382 uenit
1142 3322 1163 3379 ’ἐ

241 3422 304 3475 et
333 3415 471 3495 quis
497 3422 590 3476 est
613 3414 785 3522 locus
809 3417 1268 3497 intellegentiae
1295 3422 1316 3479 ’ἔ
