2384 3970
976 361 1236 421 LUCAS
2021 371 2096 428 49

162 546 214 580 ⁷⁰
243 547 415 609 Siout
441 547 684 610 locutus
716 542 808 610 est
825 570 933 627 per
951 571 1018 610 os
1046 558 1416 622 sanctorum,
1452 556 1557 635 qui
1589 578 1624 616 a
1656 560 1895 619 saeculo
1926 569 2089 628 sunt,

402 649 841 725 prophetarum
867 647 1019 709 eius:

159 741 206 777 ⁷¹
241 741 516 839 Salutem
551 765 626 805 ex
660 743 922 807 inimicis
957 747 1206 809 nostris:
1247 754 1309 808 et
1344 751 1420 811 de
1456 771 1643 812 manu
1680 754 1951 813 omnium
1986 755 2094 835 qui

111 900 145 911 x
404 844 664 904 oderunt
688 862 818 904 nos·

156 938 206 972 ⁷²
236 939 335 1001 Ad
355 939 701 1002 faciendam
723 940 1197 1004 misericordiam
1221 963 1362 1005 cum
1383 945 1663 1023 patribus
1686 946 1933 1008 nostris:

255 1089 259 1093 .
321 1044 384 1097 et
414 1039 737 1100 memorari
766 1042 1124 1101 testamenti
1155 1042 1245 1102 sui
1278 1042 1492 1103 sancti.

157 1133 204 1168 ⁷³
233 1119 683 1205 Iusiurandum,
729 1139 896 1217 quod
933 1137 1163 1198 iurauit
1203 1142 1283 1201 ad
1321 1122 1634 1201 Abraham
1671 1149 1910 1220 patrem
1950 1164 2086 1204 nos-

388 1241 573 1302 trum,
597 1235 646 1270 74
678 1235 971 1295 daturum
999 1257 1061 1296 se
1087 1237 1282 1297 nobis,

228 1331 318 1391 Ut
337 1332 466 1393 81116
485 1333 720 1402 timore,
746 1336 822 1396 de
841 1355 1033 1394 manu
1049 1332 1435 1397 inimicorum
1455 1343 1801 1399 nostrorum
1818 1336 2079 1408 liberati,

224 1429 562 1491 seruiamus
603 1430 691 1489 illi
726 1431 776 1466 ⁷⁵
805 1431 872 1492 in
914 1431 1247 1492 sanctitate
1291 1440 1353 1493 et
1395 1432 1633 1494 iustitia
1676 1453 1881 1495 coram
1922 1435 2074 1513 ipso,

383 1528 666 1589 omnibus
692 1528 906 1589 diebus
933 1529 1175 1589 nostris.
1394 1590 1396 1592 ,

139 1624 191 1659 ⁷⁶
220 1626 306 1685 Et
333 1631 407 1686 tu
435 1646 602 1716 puer,
636 1629 938 1705 propheta
967 1625 1266 1687 Altissimi
1294 1592 1632 1689 uocaberis:

300 1712 565 1803 praeibis
591 1723 754 1785 enim
779 1731 925 1784 ante
947 1723 1170 1785 faciem
1193 1726 1446 1786 Domini
1470 1746 1683 1832 parare
1707 1726 1841 1787 uias
1866 1726 2020 1789 eius:

138 1819 188 1855 77
214 1819 316 1882 Ad
346 1823 616 1905 dandam
645 1820 966 1883 scientiam
995 1821 1212 1883 salutis
1241 1822 1405 1900 plebi
1433 1822 1587 1884 eius:

295 1918 360 1980 in
392 1919 807 1981 remissionem
837 1926 1228 1997 peccatorum
1263 1939 1499 1981 eorum:

132 2015 183 2051 ⁷⁸
212 2018 329 2077 Per
354 2017 588 2078 uiscera
614 2017 1062 2079 misericordiae
1087 2017 1204 2078 Dei
1231 2017 1451 2079 nostri:

290 2115 356 2177 in
382 2117 606 2198 quibus
630 2116 914 2178 uisitauit
936 2137 1047 2179 nos
1073 2117 1271 2178 oriens
1296 2139 1373 2178 ex
1398 2115 1553 2186 alto:

127 2214 178 2250 ⁷⁹
209 2213 584 2276 Inluminare
630 2215 726 2275 his
773 2215 878 2295 qui
929 2215 995 2276 in
1042 2214 1311 2275 tenebris
1353 2222 1417 2275 et
1463 2214 1527 2275 in
1579 2214 1796 2275 umbra
1849 2214 2063 2275 mortis

366 2315 606 2375 sedent:

286 2412 366 2472 ad
394 2409 739 2489 dirigendos
767 2412 952 2488 pedes
979 2418 1220 2471 nostros
1246 2411 1311 2471 in
1341 2410 1506 2471 uiam
1535 2408 1718 2488 pacis.

876 2749 883 2760 ,
943 2696 1029 2757 ΙΙ.
1074 2697 1246 2757 1—14.
1290 2717 1294 2721 ’

15 2846 18 2851 ’
77 2836 89 2850 '
113 2827 132 2863 ²
168 2827 431 2902 Factum
455 2834 549 2887 est
573 2833 784 2887 autem
805 2827 871 2886 in
895 2825 1110 2888 diebus
1125 2825 1262 2894 1Π18,
1284 2825 1434 2886 exiit
1458 2824 1728 2886 edictum
1747 2845 1782 2883 a
1801 2824 2052 2886 Caesare

3 2979 5 2981 .
39 2927 339 3005 Augusto,
359 2933 433 2986 ut
449 2909 891 2986 describeretur
910 2923 1229 2985 uniuersus
1249 2923 1430 2983 erbis.
1488 2922 1512 2955 2
1536 2922 1707 2982 Haec
1727 2922 2051 3000 descriptio

39 3024 238 3102 prima
262 3024 432 3084 facta
457 3030 551 3084 est
577 3021 853 3101 praeside
872 3020 1083 3101 Syriae
1101 3021 1380 3094 Quirino:
1410 3020 1434 3054 3
1460 3027 1523 3079 et
1545 3020 1722 3080 ibant
1745 3041 1953 3080 omnes
1978 3027 2048 3079 ut

0 3143 9 3149 ⁷
37 3120 471 3201 profiterentur
500 3119 722 3198 singuli
749 3120 814 3180 in
846 3139 1022 3178 suam
1052 3117 1389 3179 ciuitatem.
1462 3117 1486 3150 4
1516 3117 1810 3177 Ascendit
1840 3125 2048 3178 autem

35 3226 100 3279 et
116 3219 158 3279 J
162 3219 350 3295 oseph
374 3237 411 3276 a
429 3216 704 3279 Galilaea
735 3218 810 3278 de
842 3215 1097 3276 ciuitate
1114 3215 1441 3282 Nazareth,
1476 3213 1542 3274 in
1571 3212 1867 3273 Iudaeam
1898 3213 2041 3273 ciui-

37 3321 236 3375 tatem
273 3313 498 3380 Dauid,
543 3333 698 3393 quae
745 3319 1006 3373 uocatur
1043 3311 1386 3371 Bethleem:
1437 3331 1508 3370 eo
1555 3312 1720 3388 quod
1767 3317 1924 3369 esset
1969 3313 2043 3370 de

35 3413 220 3472 domo
246 3417 310 3471 et
331 3409 567 3470 familia
591 3410 815 3477 Dauid,
838 3410 862 3444 ⁵
893 3418 966 3470 ut
990 3410 1380 3487 profiteretur
1404 3428 1544 3467 cum
1570 3406 1761 3466 Maria
1787 3409 2040 3483 despon-

34 3515 172 3569 sata
201 3507 318 3567 sibi
345 3528 535 3568 uxore
565 3515 915 3585 praegnate.
989 3508 1012 3541 ⁶
1043 3509 1305 3567 Factum
1336 3513 1429 3564 est
1449 3513 1657 3564 autem
1684 3525 1821 3562 cum
1841 3512 2040 3563 essent

27 3606 133 3676 ibi,
166 3605 407 3684 impleti
434 3613 581 3665 sunt
610 3604 741 3665 dies
768 3612 842 3665 ut
871 3612 1132 3682 pareret.
1206 3605 1229 3638 ⁷
1259 3604 1343 3664 Et
1374 3602 1609 3680 peperit
1640 3600 1827 3660 filium
1861 3621 2036 3660 suum

1798 3700 1829 3744 4
