2384 3970
261 366 337 423 18
567 363 1068 425 SELEOTIONS
1107 363 1341 424 FROM
1381 365 1549 426 THE
1591 364 1977 425 VULGATE

327 572 380 606 1⁶
412 571 572 633 dixit
603 572 851 632 auditor
881 593 1231 634 sermonum
1260 572 1394 641 Dei,

417 670 524 750 qui
546 670 726 730 nouit
750 669 1098 731 doctrinam
1119 670 1440 739 Altissimi,

417 776 480 829 et
507 767 774 829 uisiones
803 769 1266 847 Omnipotentis
1291 769 1483 838 uidet,

419 866 527 946 qui
556 869 781 928 cadens
811 874 1059 946 apertos
1088 867 1278 928 habet
1310 867 1536 928 oculos.

331 965 386 1000 ²⁷
415 965 659 1027 Uidebo
688 986 845 1033 eum,
879 968 987 1026 sed
1015 987 1142 1027 non
1167 969 1380 1027 modo:

419 1061 710 1124 intuebor
736 1061 928 1130 illum,
962 1065 1071 1124 sed
1098 1083 1224 1123 non
1250 1084 1462 1142 prope.

423 1162 722 1223 ORIETUR
749 1160 1003 1221 STELLA'
1021 1181 1099 1221 ex
1122 1161 1340 1232 Jacob,

424 1267 487 1320 et
515 1266 841 1338 consurget
869 1259 1044 1338 uirga
1070 1262 1147 1321 de
1174 1259 1436 1321 Israhel:

426 1366 490 1420 et
514 1358 821 1439 percutiet
848 1361 1034 1421 duces
1059 1359 1262 1429 Moab,
1411 1432 1414 1435 ¹

426 1457 828 1537 uastabitque
857 1477 1067 1518 omnes
1092 1456 1251 1518 filios
1278 1458 1448 1520 Seth.

340 1557 394 1593 1⁸
425 1558 511 1618 Et
538 1556 655 1616 erit
680 1558 981 1618 Idumaea
1005 1555 1308 1634 possessio
1333 1556 1490 1618 eius:

429 1656 739 1716 hereditas
768 1653 898 1715 Scir
926 1656 1105 1716 cedet
1130 1653 1394 1716 inimicis
1423 1655 1573 1716 suis:

430 1753 666 1816 Israhel
696 1774 845 1814 uero
874 1752 1121 1814 fortiter
1151 1760 1311 1833 aget.

349 1855 403 1889 19
433 1856 528 1914 De
553 1853 752 1914 Jacob
780 1851 897 1912 erit
924 1851 1032 1932 qui
1059 1850 1426 1921 dominetur,

397 2022 399 2024 ,
442 1960 507 2013 et
529 1954 751 2031 perdat
774 1949 1065 2030 reliquias
1088 1949 1382 2011 ciuitatis.

358 2051 412 2087 2⁰
446 2052 721 2131 Cumque
748 2049 1007 2111 uidisset
1033 2048 1305 2118 Amalec,
1338 2051 1668 2111 adsumens
1696 2048 2074 2129 parabolam,
2103 2047 2193 2109 ait

443 2149 825 2227 Principium
853 2145 1447 2223 GentiumAmalec,

441 2249 616 2312 cuius
641 2254 918 2308 extrema
944 2248 1300 2326 perdentur.

352 2348 401 2384 21
434 2347 614 2410 Uidit
641 2367 887 2427 quoque
915 2345 1234 2407 Cinaeum:
1267 2353 1329 2406 et
1355 2348 1644 2408 adsumta
1671 2344 1984 2424 parabola,
2015 2344 2133 2408 ait:

438 2446 795 2509 Robustum
825 2444 1077 2525 quidem
1106 2450 1199 2504 est
1228 2443 1654 2505 habitaculum
1681 2450 1887 2504 tuum:

442 2547 552 2607 sed
578 2544 629 2604 si
652 2544 720 2605 in
744 2550 923 2623 petra
948 2541 1225 2622 posueris
1251 2543 1468 2604 nidum
1492 2548 1691 2611 tuum,

358 2646 409 2680 22
443 2651 506 2706 et
529 2643 718 2704 fueris
743 2641 973 2703 electus
998 2645 1074 2704 de
1100 2641 1290 2721 stirpe
1317 2641 1444 2712 Cin,

446 2742 748 2824 quamdiu
770 2740 1003 2821 poteris
1027 2760 1385 2819 permanere
1411 2742 1435 2801 ’ἔ

446 2844 639 2904 Assur
665 2842 829 2903 enim
855 2841 1061 2919 capiet
1087 2847 1170 2900 te.

369 2943 419 2980 ²³
448 2944 879 3021 Adsumtaque
910 2938 1207 3019 parabola
1237 2937 1465 2999 iterum
1492 2937 1738 2999 locutus
1770 2944 1889 2998 est:

448 3042 616 3109 Heu,
641 3039 781 3120 quis
807 3038 1087 3098 uicturus
1116 3043 1227 3106 est,
1260 3038 1512 3117 quando
1538 3035 1660 3095 ista
1687 3034 1876 3101 faciet
1902 3036 2071 3096 Deus
2097 3034 2119 3094 ’ἑ

365 3141 418 3175 ²4
448 3139 719 3201 Uenient
744 3137 812 3198 in
837 3135 1127 3196 trieribus
1155 3137 1230 3197 de
1258 3134 1462 3203 Italia,
1505 3212 1509 3215 ι

453 3236 838 3316 superabunt
871 3233 1173 3318 AssyriOS,
1211 3233 1679 3311 uastabuntque
1712 3230 2046 3299 Hebraeos,

455 3343 520 3397 et
545 3337 627 3398 ad
651 3341 998 3396 extremum
1024 3330 1215 3391 etiam
1237 3329 1357 3408 ipsi
1381 3329 1692 3408 peribunt.
1978 3345 1981 3347 ·

368 3436 420 3472 2⁵
452 3434 854 3512 Surrexitque
893 3430 1169 3497 Balaam,
1215 3436 1279 3488 et
1317 3447 1596 3488 reuersus
1637 3434 1730 3487 est
1768 3426 1835 3488 in
1869 3426 2076 3487 locum
2116 3442 2321 3487 suum:

456 3533 646 3594 Balac
674 3550 921 3612 quoque
946 3529 1067 3598 uia,
1101 3547 1225 3607 qua
1251 3533 1525 3594 uenerat,
1555 3525 1754 3587 rediit.
