2384 3970
267 317 344 373 44
572 317 1076 381 SELEOTIONS
1119 320 1354 382 FROM
1395 321 1565 385 THE
1603 324 1995 389 VULGATE

269 525 394 601 pha
419 533 633 586 contra
657 525 1072 590 Hierusalem:
1102 530 1248 609 quia
1272 528 1444 590 locus
1474 532 1769 594 orationis
1796 542 1929 594 erat
1953 534 2019 595 in
2040 535 2298 613 Maspha

272 608 418 683 ante
442 621 507 681 in
534 625 787 687 Israhel.
861 627 914 664 4⁷
944 629 1032 691 Et
1054 628 1487 691 ieiunauerunt
1509 630 1613 691 illa
1647 632 1761 705 die,
1792 640 1854 693 et
1876 633 2212 696 induerunt
2237 655 2300 695 se

270 720 496 791 ciliciis,
527 730 589 783 et
608 724 871 786 cinerem
887 726 1294 805 inposuerunt
1312 729 1503 808 capiti
1525 751 1660 790 suo:
1686 738 1748 791 et
1772 732 2148 794 disciderunt
2166 753 2301 793 1166-

269 818 534 881 timenta
554 842 689 883 sua:
711 824 764 859 4⁸
793 833 855 885 et
880 829 1310 905 expanderunt
1329 826 1518 888 libros
1539 827 1704 908 legis,
1730 832 1806 891 de
1825 831 2048 910 quibus
2067 817 2301 892 scruta-

268 920 497 981 bantur
520 923 749 984 Gentes
772 924 1235 987 similitudinem
1266 926 1730 990 simulacrorum
1750 950 2024 991 suorum:
2045 931 2097 965 49
2118 937 2180 991 et
2206 938 2298 991 at-

264 1016 542 1079 tulerunt
565 1028 926 1083 ornamenta
950 1024 1370 1094 sacerdotalia,
1400 1033 1462 1086 et
1484 1025 1805 1105 primitiaS,
1831 1035 1893 1088 et
1916 1029 2209 1089 decimas:
2237 1037 2300 1090 et

269 1116 727 1180 suscitauerunt
738 1119 1103 1189 Nazaraeos,
1129 1122 1236 1202 qui
1253 1117 1828 1203 impleuerant'dies:
1845 1126 1895 1160 ⁵⁰
1919 1131 1984 1187 et
1995 1125 2296 1187 clamaue-
2344 1150 2347 1153 ⁴

267 1220 415 1276 runt
436 1236 591 1277 uoce
610 1238 834 1296 magna
858 1217 925 1279 in
949 1217 1203 1288 caelum,
1234 1221 1533 1282 dicentes:
1565 1223 1728 1295 Quid
1744 1223 2040 1285 faciemus
2057 1223 2208 1293 istis,
2234 1231 2297 1284 et

265 1334 389 1392 quo
436 1334 538 1374 eos
583 1317 879 1377 ducemus
905 1318 927 1376 ’ἐ
1005 1317 1054 1353 54
1090 1319 1177 1378 Et
1214 1327 1429 1380 sancta
1474 1326 1586 1381 tua
1603 1364 1607 1370 -
1631 1323 1992 1382 conculcata
2030 1330 2193 1391 sunt,
2237 1329 2299 1384 et

250 1412 692 1475 vcontaminata
722 1423 895 1484 sunt,
918 1423 982 1476 et
999 1420 1357 1480 sacerdotes
1382 1419 1479 1479 tui
1504 1419 1658 1480 facti
1685 1427 1831 1481 sunt
1857 1420 1922 1481 in
1946 1419 2203 1490 luctum,
2237 1429 2300 1483 et

259 1509 324 1571 in
345 1510 782 1575 humilitatem.
857 1515 909 1550 5²
940 1516 1025 1577 Et
1046 1538 1182 1578 ecce
1201 1517 1503 1579 Nationes
1528 1527 1949 1581 conuenerunt
1970 1523 2300 1582 aduersum
2377 1516 2380 1518 Ὗ

263 1629 374 1669 1106
399 1617 471 1670 ut
493 1631 603 1671 nos
620 1612 1007 1690 disperdant:
1028 1621 1102 1674 tu
1127 1613 1244 1675 scis
1268 1634 1428 1695 quae
1452 1616 1731 1696 cogitant
1755 1617 1821 1678 in
1847 1638 1976 1678 nos·
2051 1617 2102 1652 5³
2134 1619 2295 1690 Quo-

262 1711 449 1770 modo
476 1710 815 1788 poterimus
844 1713 1173 1774 subsistere
1202 1721 1346 1774 ante
1373 1714 1595 1776 faciem
1623 1736 1851 1785 eorum,
1885 1715 2001 1777 nisi
2028 1724 2101 1777 tu
2127 1719 2297 1777 Deus

263 1807 519 1868 adiuues
548 1829 659 1870 nos
687 1810 709 1868 ’ἔ
787 1810 838 1845 54
870 1813 955 1873 Et
983 1812 1152 1871 tubis
1181 1811 1686 1875 exclamauerunt
1715 1816 1865 1875 uoce
1893 1836 2136 1894 magna.

333 1905 383 1940 55
414 1908 500 1969 Et
525 1914 669 1986 post
696 1910 846 1970 haec
875 1910 1204 1971 constituit
1225 1911 1416 1974 Iudas
1433 1915 1619 1974 duces
1637 1914 1868 1992 populi,
1898 1913 2199 1982 tribunos,
2231 1921 2297 1982 et

245 2006 662 2077 centurioneS,
698 2014 760 2067 et
788 2011 1364 2086 pentacontarchOS,
1399 2015 1462 2070 et
1490 2011 1865 2073 decuriones,
1940 2011 1990 2047 5⁶
2021 2013 2107 2074 Et
2135 2011 2296 2074 dixit

261 2103 370 2171 his,
393 2104 500 2183 qui
524 2105 938 2168 aedificabant
962 2108 1194 2175 domos,
1225 2115 1285 2167 et
1312 2108 1694 2186 sponsabant
1713 2129 1949 2177 uxores,
1974 2116 2036 2169 et
2052 2110 2293 2186 planta-

258 2201 414 2263 bant
453 2203 681 2272 uineas,
725 2210 787 2264 et
839 2204 1267 2275 formidolosis,
1318 2213 1389 2267 ut
1430 2208 1700 2269 redirent
1756 2208 2178 2288 unusquisque
2229 2207 2292 2269 in

260 2303 514 2362 domum
546 2323 722 2363 suam
755 2307 1092 2365 secundum
1122 2303 1337 2383 legem.
1398 2290 1463 2342 57
1494 2307 1580 2367 Et
1610 2313 1941 2367 mouerunt
1972 2313 2192 2377 castra,
2230 2314 2294 2367 et

257 2400 738 2462 conlocauerunt
792 2403 871 2463 ad
923 2404 1222 2464 Austrum
1274 2405 1626 2465 Emmaum.
1712 2405 1763 2440 5⁸
1794 2405 1879 2464 Et
1931 2404 2021 2465 ait
2074 2399 2303 2467 Iudas:⁴

256 2500 676 2580 Accingimini,
705 2509 767 2562 et
790 2508 988 2563 estote
1009 2502 1119 2565 filii
1139 2510 1443 2583 potenteS,
1471 2510 1534 2563 et
1557 2511 1755 2565 estote
1775 2505 1981 2583 parati
2001 2503 2066 2564 in
2087 2526 2286 2573 mane,

254 2606 326 2659 ut
355 2598 645 2679 pugnetis
687 2603 983 2663 aduersus
1014 2601 1316 2664 Nationes
1353 2605 1482 2671 has,
1523 2623 1681 2683 quae
1725 2610 2147 2665 conuenerunt
2183 2606 2289 2666 ad-

233 2718 467 2759 Tuersus
510 2719 621 2760 nos
666 2700 1015 2779 disperdere
1053 2721 1179 2769 nos,
1230 2707 1291 2762 et
1342 2709 1558 2763 sancta
1601 2709 1839 2763 nostra:
1914 2702 1965 2737 ⁵⁹
1997 2702 2290 2782 quoniam
2327 2724 2330 2726 ·

253 2795 472 2858 melius
525 2803 619 2858 est
667 2818 779 2858 nos
836 2798 994 2858 mori
1049 2798 1116 2860 in
1165 2797 1344 2869 bello,
1395 2807 1584 2880 quam
1626 2796 1835 2862 uidere
1875 2800 2039 2860 mala
2088 2801 2289 2879 gentis

258 2902 526 2964 nostrae,
573 2902 636 2955 et
679 2903 1053 2958 sanctorum.
1129 2897 1180 2932 ⁶⁰
1213 2897 1384 2958 Sicut
1424 2906 1636 2960 autem
1670 2898 1860 2959 fuerit
1896 2897 2189 2960 uoluntas
2223 2897 2290 2960 in

253 2992 439 3064 caelo,
483 2994 567 3055 sic
605 2993 735 3055 fiat.
2328 2992 2330 2994 ’

331 3093 441 3153 IV.
474 3094 495 3128 ¹
531 3095 618 3158 Et
669 3094 972 3157 adsumsit
1024 3095 1281 3175 Gorgias
1333 3097 1606 3176 quinque
1657 3095 1826 3157 milia
1878 3097 2168 3166 uirorum,
2224 3104 2288 3157 et

242 3191 418 3252 >mille
454 3193 692 3273 equites
727 3192 978 3254 electos:
1019 3201 1081 3254 et
1116 3201 1446 3256 mouerunt
1481 3203 1685 3256 castra
1721 3202 1902 3257 nocte
1928 3196 1952 3230 2
1985 3203 2057 3259 ut
2093 3194 2286 3275 adpli-
2377 3264 2381 3266 ,

248 3298 462 3352 carent
512 3294 592 3354 ad
628 3299 830 3353 castra
852 3292 1243 3361 Iudaeorum,
1277 3300 1339 3354 et
1376 3300 1768 3372 percuterent
1807 3316 1909 3355 eos
1947 3294 2180 3355 subito:
2223 3302 2284 3355 et
2358 3364 2362 3368 ,

248 3388 373 3458 filii,
402 3390 510 3471 qui
532 3398 708 3451 erant
733 3412 806 3451 ex
832 3412 984 3460 arce,
1013 3400 1190 3452 erant
1211 3391 1330 3451 illis
1366 3394 1568 3453 duces,
1644 3393 1667 3426 3
1699 3394 1784 3456 Et
1809 3393 2050 3455 audiuit
2074 3393 2280 3462 Iudas,

249 3494 312 3547 et
343 3489 607 3549 surrexit
635 3487 782 3568 ipse,
819 3496 880 3548 et
910 3497 1198 3567 potentes
1227 3497 1545 3567 percutere
1574 3481 1876 3551 uirtutem
1904 3491 2284 3553 exercituum

238 3587 421 3666 regis,
456 3589 563 3668 qui
593 3596 768 3649 erant
796 3588 861 3648 in
889 3588 1240 3649 Emmaum.
1314 3590 1338 3623 4
1371 3590 1590 3650 Adhuc
1621 3590 1783 3650 enim
1811 3589 2120 3669 dispersus
2148 3596 2280 3649 erat
