2384 3970
602 391 1072 473 Aeros-Er.
1114 413 1228 472 AD
1273 414 1669 474 ROMANOS
2075 417 2149 473 55

217 621 241 655 ³
271 619 426 680 Dico
454 618 616 679 enim
645 640 751 696 per
780 619 1042 696 gratiam
1074 604 1230 698 quae
1260 622 1408 680 data
1439 628 1530 679 est
1560 619 1726 688 mihi,
1750 620 2031 681 omnibus
2051 622 2157 699 qui

146 726 292 779 sunt
325 717 486 778 inter
518 737 656 776 uos:
693 717 836 777 Non
870 717 1008 795 plus
1042 737 1252 793 sapere
1287 738 1474 795 quam
1509 725 1752 795 oportet
1788 739 2013 796 sapere,
2053 721 2158 779 sed

147 835 358 893 sapere
383 817 463 875 ad
489 813 913 874 sobrietatem:
943 821 1004 874 et
1028 814 1358 893 unicuique
1384 814 1541 874 sicut
1566 817 1733 875 Deus
1759 814 1968 875 diuisit
1994 835 2158 875 men-

149 934 354 974 suram
392 912 554 973 fidei.
626 913 650 945 4
685 911 854 971 Sicut
900 912 1062 972 enim
1097 912 1164 972 in
1206 934 1330 972 uno
1375 933 1626 991 corpore
1652 913 1854 972 multa
1886 912 2160 972 membra

149 1010 463 1077 habemuS,
492 1009 695 1068 omnia
717 1016 926 1068 autem
947 1008 1221 1069 membra
1244 1030 1368 1069 non
1389 1011 1651 1069 eundem
1671 1015 1879 1068 actum
1901 1008 2160 1068 habent:

142 1106 166 1141 ⁵
197 1106 287 1165 ita
307 1104 487 1165 multi
503 1127 697 1165 unum
715 1126 936 1182 corpus
954 1091 1246 1165 811111118111
1265 1104 1522 1175 ChristO,
1546 1104 1765 1182 singuli
1783 1113 1992 1164 autem
2011 1104 2165 1164 alter

151 1203 402 1265 alterius
430 1204 724 1283 membra.
798 1204 821 1237 6
852 1203 1173 1264 Habentes
1201 1210 1412 1264 autem
1441 1203 1804 1264 donationes
1833 1205 2166 1263 secundum
2215 1218 2219 1223 ·

151 1299 414 1381 gratiam
449 1319 606 1380 quae
636 1302 786 1361 data
810 1308 901 1359 est
932 1301 1125 1368 nobis,
1154 1301 1533 1361 differentes:
1563 1300 1586 1334 ⁷
1619 1299 1745 1359 siue
1779 1299 2166 1378 prophetiam

151 1401 487 1461 secundum
515 1398 819 1458 rationem
846 1397 1015 1459 fidei:
1048 1397 1175 1458 siue
1204 1396 1614 1457 ministerium
1640 1396 1708 1456 in
1735 1396 2168 1458 ministrando:

153 1495 282 1557 siue
312 1495 420 1576 qui
449 1498 628 1556 docet
654 1494 722 1555 in
751 1494 1057 1556 doctrina:
1082 1495 1106 1530 8
1138 1496 1246 1574 qui
1274 1496 1638 1555 exhortatur
1665 1494 1730 1554 in
1759 1496 2168 1555 exhortando:

155 1593 264 1674 qui
294 1592 516 1653 tribuit
547 1593 615 1654 in
649 1592 1070 1671 simplicitate:
1110 1592 1216 1671 qui
1237 1598 1480 1669 praeest
1504 1591 1571 1651 in
1593 1590 2025 1652 sollicitudine:
2065 1591 2173 1670 qui

154 1690 476 1752 miseretur
490 1691 558 1751 in
574 1689 907 1754 hilaritate.
980 1690 1003 1724 9
1034 1689 1298 1750 Dilectio
1317 1688 1444 1749 81110
1464 1688 1878 1749 simulatione:
1903 1689 2178 1750 odientes

155 1788 405 1857 malum,
427 1791 830 1850 adhaerentes
846 1787 1035 1848 bono:
1053 1788 1109 1822 1⁰
1139 1787 1463 1848 caritatem
1478 1787 1889 1847 fraternitatis
1901 1786 2174 1858 *inuicem

152 1886 503 1966 diligentes:
527 1873 1507 1963 honoreinuicempraeuenientes
1522 1886 1596 1945 :11
1629 1883 2034 1945 sollicitudine
2054 1906 2176 1945 non

157 1985 338 2066 pigri:
364 1984 584 2063 spiritu
597 1985 905 2044 feruentes
920 2005 931 2044 :
954 1983 1222 2045 Domino
1236 1985 1569 2044 seruientes
1583 2004 1595 2044 :
1610 1984 1662 2017 12
1695 2004 1798 2063 spe
1810 1985 2147 2061 gaudentes
2163 2003 2174 2041 :

154 2083 222 2145 in
254 2081 654 2144 tribulatione
689 2081 1023 2160 patientes:
1065 2081 1329 2142 orationi
1359 2082 1691 2143 instantes:
1721 2081 1773 2116 13
1806 2079 2179 2141 necessitati-

147 2182 275 2242 bus
320 2188 672 2253 sanctorum
717 2181 1266 2241 communicantes:
1315 2179 1807 2259 hospitalitatem
1853 2185 2179 2239 sectantes.

155 2281 203 2316 ¹4
233 2278 588 2339 Benedicite
626 2270 1160 2356 persequentibus:
1200 2277 1560 2354 benedicite,
1605 2284 1666 2336 et
1705 2275 1895 2337 nolite
1932 2274 2181 2337 maledi-

162 2399 315 2439 cere.
385 2376 439 2411 15
471 2377 750 2437 Gaudere
800 2396 939 2436 cum
988 2375 1427 2455 gaudentibus:
1482 2375 1623 2434 flere
1673 2396 1812 2434 cum
1861 2372 2179 2433 flentibus:

163 2476 206 2512 ³⁶
234 2475 301 2536 id
351 2474 554 2552 ipsum
605 2472 870 2533 inuicem
922 2472 1281 2534 sentientes:
1338 2493 1463 2533 non
1515 2470 1642 2531 alta
1696 2472 2019 2549 sapienteS,
2065 2464 2185 2533 'sed

118 2559 120 2561 ⁵
163 2571 498 2637 humilibus
529 2571 1000 2632 consentientes
1080 2570 1289 2631 Nolite
1323 2591 1451 2630 esse
1482 2573 1816 2649 prudentes
1850 2571 2016 2646 apud
2047 2590 2185 2629 uos-

163 2667 498 2747 metipsos,
570 2668 624 2704 1⁷
653 2667 822 2728 Nulli
842 2667 1074 2728 malum
1096 2689 1208 2745 pro
1229 2666 1393 2728 malo
1414 2669 1764 2728 reddentes:
1791 2666 2187 2744 prouidentes

166 2765 348 2836 bona,
391 2789 516 2828 non
552 2773 803 2827 tantum
842 2787 1048 2826 0013111
1086 2769 1237 2837 Dec,
1281 2769 1389 2827 sed
1429 2765 1616 2826 etiam
1655 2786 1861 2827 coram
1902 2766 2184 2827 omnibus

119 2912 139 2922 x
166 2863 536 2925 hominibus.
607 2864 661 2899 18
693 2863 757 2924 si
780 2863 912 2924 fieri
935 2870 1159 2943 potest,
1191 2866 1359 2943 quod
1385 2885 1460 2923 ex
1484 2864 1663 2924 uobis
1689 2869 1798 2931 est,
1829 2885 1968 2924 cum
1997 2863 2186 2924 omni-

169 2961 287 3021 bus
302 2959 654 3022 hominibus
671 2982 887 3040 pacem
903 2962 1222 3022 habentes·
1295 2962 1347 2996 19
1378 2962 1520 3022 Non
1537 2967 1778 3021 uosmet
1797 2960 1961 3040 ipsos
1982 2930 2195 3021 defen*

169 3061 403 3127 denteS,
445 3058 754 3127 carissimi,
797 3062 904 3121 sed
936 3062 1082 3121 date
1106 3058 1310 3119 locum
1337 3058 1488 3118 irae:
1531 3058 1825 3136 scriptum
1864 3065 1955 3117 est
1993 3058 2181 3118 enim:

172 3155 324 3216 Mihi
361 3156 718 3236 uindictam,
763 3178 873 3235 ego
912 3156 1267 3224 retribuam,
1313 3156 1462 3217 dicit
1501 3151 1823 3216 Dominus.
1896 3155 1947 3190 2⁰
1980 3155 2098 3216 Sed
2137 3153 2188 3213 si

173 3237 449 3312 esurierit
484 3251 765 3313 inimicus
801 3261 965 3321 tuuS,
1007 3253 1143 3314 ciba
1179 3252 1377 3313 illum:
1420 3252 1471 3310 si
1508 3252 1656 3320 sitit,
1699 3260 1916 3330 potum
1947 3254 2034 3312 ,da
2071 3251 2184 3310 illi:

174 3352 289 3410 hoc
320 3349 481 3409 enim
508 3349 755 3417 faciens,
777 3351 1084 3410 ‚carbones
1111 3350 1267 3427 ignis
1296 3370 1581 3427 congeres
1611 3370 1790 3426 super
1819 3356 2007 3425 caput
2038 3347 2185 3406 eius,

174 3442 218 3481 ²³
251 3444 393 3505 Noli
411 3446 575 3535 uinci
594 3467 630 3504 3
649 3446 828 3516 111310,
855 3447 961 3530 sed
980 3448 1156 3507 uince
1174 3446 1240 3505 in
1258 3447 1419 3535 bono
1439 3446 1687 3507 malum.
