2384 3970
276 359 349 418 14
578 357 881 421 SELEOT
891 355 1085 418 IONs
1125 353 1359 417 FROM
1384 355 1567 416 'THE
1610 355 1998 441 VULGATE

344 564 397 598 ¹4
423 563 602 624 Dixit
627 571 837 624 autem
854 565 1049 624 Deus:
1075 563 1264 623 Fiant
1280 562 1609 623 luminaria
1629 562 1695 623 in
1716 563 2107 624 firmamento
2129 563 2315 633 caeli,

277 669 339 721 et
370 662 655 724 diuidant
687 662 850 724 diem
879 683 949 722 ac
980 668 1243 741 noctem,
1279 668 1340 722 et
1371 661 1495 721 sint
1522 660 1588 721 in
1617 661 1789 740 signa
1819 668 1880 721 et
1909 669 2208 740 tempora,
2243 670 2306 723 et

277 761 405 822 dies
433 767 495 820 et
523 781 741 821 annos:
790 760 844 795 15
869 768 941 821 ut
958 759 1209 822 luceant
1235 758 1300 820 in
1327 761 1719 821 firmamento
1746 759 1914 830 caeli,
1940 767 2001 820 et
2017 759 2305 825 inlumin-
2335 746 2338 748 ‚
2370 764 2371 770 ’

278 866 385 920 6613
438 866 686 919 13611616.
769 861 855 921 Ε13
906 859 1146 919 factum
1201 865 1294 938 est
1345 858 1456 919 ita.
1528 859 1580 894 16
1612 859 1907 939 Fecitque
1958 861 2127 920 Deus
2182 862 2306 922 duo

273 956 603 1018 luminaria
643 978 895 1036 magna:
946 956 1251 1017 luminare
1298 956 1514 1025 11161116,
1566 963 1638 1017 1113
1684 962 1994 1035 praeesset
2043 958 2188 1019 diei:
2244 965 2308 1019 et
2370 1004 2374 1011 .

274 1055 579 1118 luminare
608 1054 828 1125 minuS,
860 1062 932 1118 ut
953 1062 1264 1134 praeesset
1294 1056 1489 1116 nocti:
1520 1062 1583 1116 et
1610 1055 1835 1116 stellas
1906 1057 1961 1093 1⁷
1985 1058 2070 1119 Et
2099 1057 2309 1136 posuit

278 1175 380 1216 eas
423 1154 490 1216 in
533 1154 925 1215 firmamento
967 1153 1135 1223 caeli,
1180 1161 1253 1214 ut
1291 1153 1569 1215 lucerent
1613 1175 1795 1232 super
1835 1161 2084 1223 terram,
2124 1155 2178 1191 ²⁸
2244 1161 2308 1215 et

274 1258 629 1331 praeessent
661 1253 782 1314 diei
823 1273 893 1312 ac
936 1251 1121 1321 nocti,
1166 1259 1231 1312 et
1273 1252 1621 1314 diuiderent
1657 1251 1860 1314 lucem
1897 1274 1968 1313 ac
1998 1253 2307 1314 tenebras·
2339 1328 2344 1332 ι

277 1352 363 1414 Et
389 1351 551 1413 uidit
576 1353 745 1412 Deus
773 1354 943 1431 quod
968 1357 1128 1411 esset
1151 1351 1405 1412 bonum.
1477 1351 1532 1386 19
1561 1353 1647 1413 Et
1671 1351 1910 1413 factum
1937 1359 2031 1413 est
2055 1372 2309 1431 uespere
2364 1340 2368 1341 ⁷

285 1456 349 1511 et
375 1471 573 1518 mane,
610 1450 739 1512 dies
768 1456 1046 1530 quartus,
2175 1457 2177 1463 ⁴

349 1547 403 1584 ²⁰
430 1546 610 1609 Dixit
655 1547 844 1609 etiam
883 1551 1080 1610 Deus:
1142 1550 1499 1611 Producant
1548 1569 1748 1628 aquae
1795 1549 2014 1628 reptile
2068 1550 2310 1612 animae

276 1646 565 1716 11111661316,
622 1653 685 1707 et
730 1645 984 1708 uolatile
1034 1668 1218 1726 super
1258 1654 1489 1708 terram
1539 1648 1652 1708 sub
1697 1650 2087 1710 firmamento
2137 1649 2310 1711 caeli.

269 1745 322 1781 21
352 1745 723 1825 Oreauitque
752 1748 921 1806 Deus
953 1744 1097 1806 Oete
1125 1746 1398 1825 grandia,
1434 1753 1497 1806 et
1527 1767 1771 1808 omnem
1798 1747 2071 1827 animam
2097 1748 2311 1810 uiuen-

277 1852 408 1906 tem
439 1851 630 1926 atque
662 1844 1041 1913 motabilem,
1079 1866 1266 1924 quam
1298 1847 1722 1923 produxerant
1749 1866 1948 1925 aquae
1983 1846 2049 1908 in
2081 1846 2312 1926 species

280 1963 441 2011 61166,
493 1949 555 2002 613
602 1963 781 2003 61666
827 1941 1080 2003 1161613116
1124 1946 1462 2005 secundum
1506 1964 1697 2022 genus
1742 1965 1940 2006 suum.
2023 1946 2108 2009 Et
2151 1946 2314 2008 uidit

280 2044 450 2104 Deus
511 2043 681 2122 quod
742 2047 902 2102 666613
961 2040 1215 2103 bonum.
1309 2040 1363 2076 22
1393 2041 1846 2122 Benedixitque
1908 2043 2009 2112 616,
2076 2043 2312 2106 dicens:

280 2139 562 2208 Crescite,
595 2145 658 2199 et
685 2139 1200 2218 multiplicamini,
1234 2147 1296 2201 et
1322 2140 1555 2219 replete
1581 2161 1775 2220 aquas
1802 2141 2018 2202 maris:
2046 2162 2315 2223 auesque

165 2298 167 2300 .
281 2237 775 2317 multiplicentur
810 2259 993 2317 super
1028 2246 1277 2299 terram.
1351 2237 1403 2273 2³
1433 2239 1519 2300 Et
1552 2238 1794 2304 ,factum
1831 2247 1926 2300 est
1961 2260 2215 2318 uespere
2253 2247 2339 2329 et·

287 2357 485 2405 mane,
515 2336 644 2398 dies
667 2337 943 2417 quintus.
1895 2402 1903 2407 ,

353 2435 405 2470 21
435 2433 615 2495 Dixit
648 2456 894 2515 quoque
924 2437 1120 2496 Deus:
1155 2429 1470 2499 Producat
1499 2441 1664 2496 terra
1695 2436 1967 2498 animam
1997 2435 2315 2499 uiuentem

284 2531 351 2594 in
386 2553 604 2612 genere
640 2553 767 2603 6116,
807 2533 1103 2604 1111666136,
1139 2540 1202 2594 613
1235 2532 1497 2612 reptilia,
1531 2541 1595 2594 et
1620 2533 1852 2595 bestias
1873 2541 2074 2596 terrae
2102 2555 2313 2597 secun-

286 2634 436 2695 dum
479 2631 709 2710 species
753 2652 914 2693 61166.
995 2633 1384 2713 Factumque
1427 2640 1522 2694 6613
1561 2632 1673 2717 ita.
1746 2633 1798 2670 ²⁵
1828 2635 1915 2697 Et
1956 2634 2105 2696 fecit
2145 2636 2316 2696 Deus

283 2729 516 2792 bestias
536 2737 736 2791 terrae
760 2729 939 2791 iuxta
966 2726 1197 2809 species
1221 2752 1381 2800 61166,
1414 2738 1476 2791 613
1491 2731 1787 2802 iumenta,
1814 2738 1878 2792 et
1895 2753 2074 2793 omne
2098 2731 2317 2811 reptile

283 2838 484 2891 terrae
528 2828 595 2890 in
639 2850 856 2909 genere
901 2850 1031 2890 6116.
1114 2831 1199 2891 Ε13
1244 2830 1406 2892 uidit
1449 2832 1617 2891 Deus
1664 2833 1834 2911 quod
1868 2837 2028 2891 esset
2062 2831 2312 2900 bonum,

276 2929 329 2965 2⁶
359 2935 421 2990 et
445 2928 561 2988 ait:
588 2928 915 2989 Faciamus
937 2928 1271 2990 Hominem
1291 2932 1372 2991 ad
1392 2928 1740 3008 imaginem,
1768 2936 1830 2989 et
1854 2928 2319 2992 similitudinem

286 3034 589 3090 nostram:
633 3033 696 3086 et
734 3026 966 3104 praesit
993 3026 1264 3104 piscibus
1297 3026 1500 3095 maris,
1545 3034 1607 3087 et
1646 3026 2003 3088 uolatilibus
2042 3022 2211 3098 caeli,
2255 3035 2319 3089 et

287 3124 519 3194 166613116,
555 3124 1005 3204 uniuersaeque
1033 3131 1253 3194 terrae,
1278 3125 1566 3204 omnique
1591 3125 1816 3203 reptili,
1837 3129 2006 3206 quod
2029 3135 2319 3189 mouetur

283 3224 351 3286 in
377 3230 563 3283 terra.
638 3221 689 3258 2⁷
720 3223 805 3284 Et
836 3222 1071 3283 creauit
1099 3225 1268 3284 Deus
1299 3223 1610 3285 hominem
1640 3226 1722 3285 ad
1748 3222 2080 3303 imaginem
2109 3246 2311 3286 suam:

288 3324 370 3383 ad
420 3320 752 3398 imaginem
805 3318 923 3381 Dei
975 3321 1209 3381 creauit
1260 3320 1451 3389 illum,
1509 3321 1852 3381 masculum
1907 3328 1969 3381 et
2020 3322 2342 3384 feminam·

284 3418 519 3481 creauit
557 3438 680 3478 666.
744 3418 796 3453 23
827 3418 1281 3499 Benedixitque
1317 3417 1436 3477 illis
1472 3421 1657 3486 DeuS,
1701 3425 1763 3477 et
1801 3419 1917 3479 ait:
1959 3419 2224 3482 Crescite
2252 3427 2315 3481 et

287 3516 805 3596 multiplicamini,
838 3522 900 3575 et
922 3516 1155 3594 replete
1182 3523 1428 3585 terram,
1462 3523 1524 3576 et
1554 3516 1815 3577 subicite
1843 3539 1997 3587 eam,
2022 3525 2085 3578 et
2117 3518 2312 3580 domi-

288 3614 520 3677 namini
571 3613 839 3692 piscibus
889 3614 1092 3686 maris,
1149 3621 1211 3693 et
1261 3613 1618 3684 uolatilibus
1670 3614 1842 3684 caeli,
1897 3622 1958 3675 et
2008 3615 2314 3676 uniuersis
