2384 3970
262 391 334 449 32
563 390 1067 453 SELEOTIONS
1107 391 1340 453 FROM
1381 393 1549 455 THE
1591 394 1977 469 VULGATE

378 607 686 669 Sustinuit
717 609 921 670 anima
948 629 1085 669 mea
1112 607 1179 668 in
1204 606 1393 668 uerbo
1423 605 1576 667 eius:

325 707 348 741 ⁶
382 708 654 784 sperauit
686 708 892 768 anima
924 728 1061 767 mea
1091 706 1158 767 in
1187 705 1473 766 Domino,

379 806 436 865 A
461 806 742 868 custodia
769 806 1082 866 matutina
1108 825 1305 884 usque
1330 806 1412 866 ad
1437 810 1709 864 noctem:

325 904 348 938 ⁷
383 911 584 982 speret
605 903 848 970 ,Israhel
873 905 940 964 in
974 905 1263 964 Domino,

384 1003 542 1075 Quia
572 1006 740 1082 apud
768 991 1108 1065 Dominum
1136 1000 1576 1063 misericordia:

386 1107 447 1161 et
475 1102 720 1181 copiosa
751 1104 919 1181 apud
945 1122 1087 1162 eum
1113 1098 1472 1178 redemptio.

330 1199 354 1235 8
385 1199 470 1262 Et
496 1199 626 1279 ipse
654 1201 913 1262 redimet
939 1197 1191 1267 Israhel,

385 1319 459 1360 ex
488 1299 771 1360 omnibus
796 1296 1230 1379 iniquitatibus
1258 1296 1404 1358 eius,

999 1728 1387 1803 PROUERBIA
1428 1740 1545 1800 IX.

409 1889 726 1970 Sapientia
756 1890 1108 1953 aedificauit
1137 1890 1252 1951 sibi
1281 1892 1551 1958 domum,

416 1990 646 2052 excidit
675 1988 991 2051 columnas
1021 1997 1274 2069 septem.

350 2089 375 2123 2
407 2089 765 2151 Immolauit
785 2089 1072 2150 uictimas
1093 2109 1250 2157 suas,
1276 2087 1522 2150 miscuit
1543 2087 1775 2156 uinum,

405 2195 467 2249 et
491 2188 814 2267 proposuit
837 2207 1115 2249 mensam
1140 2209 1336 2267 suam.)
1826 2174 1830 2177 ’

352 2286 376 2320 ³
407 2286 577 2348 Misit
601 2286 854 2348 ancillas
879 2307 1020 2348 suas
1046 2293 1118 2348 ut
1143 2293 1437 2347 uocarent

420 2389 747 2468 ad‘arcem,
779 2392 842 2447 et
870 2388 961 2448 ad·
976 2385 1218 2447 moenia
1248 2384 1547 2446 ciuitatis:

353 2487 377 2521 4
410 2485 475 2547 si
496 2486 634 2567 quis
658 2492 751 2546 est
774 2485 1086 2565 paruulus,
1116 2484 1327 2546 ueniat
1351 2486 1434 2546 ad
1455 2505 1572 2545 me.

416 2587 503 2649 Et
525 2584 957 2663 insipientibus
978 2582 1188 2645 locuta
1215 2590 1333 2645 est:

354 2683 378 2719 5
406 2683 650 2754 Uenite,
685 2683 988 2746 comedite
1017 2703 1245 2763 panem
1272 2702 1497 2750 meum,

417 2789 482 2843 et
510 2782 708 2844 bibite
737 2782 954 2844 uinum
985 2784 1155 2862 quod
1184 2780 1402 2842 miscui
1432 2779 1624 2841 uobis.

357 2880 379 2915 ⁶
409 2880 767 2962 Relinquitxe
793 2880 1141 2949 infantiam,
1175 2887 1237 2940 et
1266 2879 1474 2948 uiuite,

421 2987 484 3041 et
511 2980 827 3042 ambulate
854 3000 962 3058 per
989 2979 1121 3040 uias
1148 2978 1530 3057 prudentiae.

355 3170 378 3205 ⁷
411 3170 532 3243 Qui
556 3169 760 3231 erudit
785 3168 1131 3236 derisorem,
1160 3167 1293 3247 ipse
1316 3165 1603 3229 iniuriam
1630 3164 1746 3226 sibi
1771 3165 1947 3227 facit:

424 3274 488 3328 et
505 3268 614 3348 qui
631 3269 834 3348 arguit
849 3267 1127 3346 impium,
1151 3266 1268 3328 sibi
1284 3267 1592 3327 maculam
1608 3271 1880 3344 generat„

359 3365 382 3400 ⁸
414 3365 557 3426 Noli
586 3386 835 3445 arguere
865 3365 1211 3433 derisorem,
1246 3387 1322 3426 ne
1353 3364 1550 3426 oderit
1578 3370 1662 3423 te.

422 3464 627 3542 Argue
660 3463 1017 3541 sapientem,
1057 3469 1119 3523 et
1154 3461 1366 3540 diliget
1398 3469 1480 3522 te.

357 3562 380 3596 ⁹
412 3565 511 3623 Da
534 3561 801 3640 sapienti
825 3562 1221 3637 occasionem,
1253 3567 1315 3620 et
1340 3563 1603 3622 addetur
1629 3560 1683 3619 ei
1707 3558 2030 3639 sapientia.

420 3662 588 3722 Doce
615 3659 866 3727 iustum,
902 3666 964 3721 et
993 3659 1314 3746 festinabit
1344 3659 1634 3737 accipere.
