2384 3970
280 336 356 395 48
608 336 1108 400 SELEOTIONS
1147 339 1381 400 FROM
1423 339 1590 399 THE
1632 295 2020 400 VULGATE

551 661 997 722 EUANGELIUM
1041 677 1398 723 SECUNDUM
1438 660 1671 722 LquM
1713 661 1765 723 I.
1807 650 1882 720 46
1899 661 2050 720 -55s

345 808 398 843 4⁰
427 810 513 871 Et
537 808 626 869 ait
648 807 867 868 Maria:

430 906 788 986 Magnificat
814 909 1020 968 anima
1047 929 1185 969 mea
1211 907 1574 970 Dominum:

500 1007 554 1043 4⁷
586 1014 648 1068 et
688 1007 996 1067 exultauit
1015 1007 1268 1086 spiritus
1286 1028 1460 1068 meus
1477 1006 1543 1068 in
1560 1008 1694 1067 Deo
1714 1004 1968 1068 salutari
1986 1025 2143 1066 meo,

346 1105 399 1142 4⁸
432 1105 589 1177 Quia
616 1106 888 1186 respexit
914 1105 1334 1167 humilitatem
1363 1104 1618 1167 ancillae
1646 1123 1816 1166 suae:
2128 1111 2139 1114 “

508 1223 645 1265 ecce
674 1204 836 1265 enim
877 1225 952 1265 ex
994 1206 1109 1266 hoc
1145 1204 1397 1265 beatam
1433 1226 1532 1265 me
1569 1203 1778 1266 dicent
1812 1223 2021 1264 omnes
2054 1221 2296 1281 genera-

444 1290 446 1292 ·
581 1300 797 1364 tiones.

343 1402 396 1437 ⁴9
427 1400 585 1475 Quia
609 1401 758 1463 fecit
782 1400 934 1463 mihi
957 1422 1181 1481 magna
1207 1403 1314 1483 qui
1337 1404 1558 1482 potens
1584 1408 1701 1462 est:

507 1509 571 1562 et
599 1509 883 1563 sanctum
912 1521 1135 1563 nomen
1163 1500 1308 1562 eius,

341 1599 393 1635 ⁵⁰
422 1600 508 1661 Et
538 1598 950 1663 misericordia
982 1600 1110 1661 eius
1139 1599 1206 1662 in
1234 1599 1550 1680 progenies
1581 1606 1644 1660 et
1674 1598 1991 1678 progenies
2020 1595 2297 1659 timenti·
2376 1637 2384 1644 -

584 1699 702 1760 bus
730 1720 888 1761 eum.

340 1797 390 1834 ⁵¹
424 1798 597 1860 Fecit
622 1799 969 1877 potentiam
993 1797 1058 1860 in
1082 1798 1334 1860 brachio
1361 1818 1496 1859 suo:

503 1898 790 1976 dispersit
819 1898 1115 1977 superbos
1143 1904 1351 1959 mente
1380 1897 1578 1960 cordis
1608 1896 1718 1958 sui.

341 1996 393 2031 ⁵²
423 1996 727 2075 Deposuit
752 2003 1039 2076 potentes
1065 1999 1142 2058 de
1169 1999 1336 2060 sede:

505 2102 568 2156 et
602 2095 905 2158 exaltauit
939 2095 1216 2157 humiles.

340 2195 391 2231 ⁵³
422 2195 779 2257 Esurientes
803 2194 1085 2273 impleuit
1110 2195 1313 2254 bonis:

503 2302 566 2355 et
594 2294 819 2358 diuites
846 2293 1079 2356 dimisit
1105 2292 1335 2355 inanes,

338 2394 387 2429 ⁵4
420 2393 701 2472 Suscepit
730 2392 964 2456 Israhel
993 2414 1252 2473 puerum
1281 2413 1476 2460 suum,

499 2493 826 2554 memorari
858 2492 1332 2554 misericordiae:

331 2591 384 2627 55
415 2592 588 2653 Sicut
611 2589 857 2653 locutus
887 2597 979 2652 est
1009 2593 1089 2653 ad
1115 2597 1325 2670 patres
1353 2596 1609 2657 nostrOS‚

496 2690 813 2753 Abraham
842 2697 903 2751 et
931 2688 1146 2751 semini
1173 2689 1300 2750 eius
1325 2687 1391 2749 in
1416 2688 1675 2748 saecula.

1026 3039 1043 3048 ,
1138 2958 1356 3038 67479.

328 3122 380 3157 ⁶⁷
411 3123 497 3184 Et
527 3117 851 3180 Zacharias
879 3123 1057 3197 pater
1087 3115 1215 3178 eius
1244 3115 1534 3194 impletus
1563 3121 1656 3175 est
1687 3113 1919 3192 Spiritu
1949 3118 2185 3181 sanc·t0,·
2217 3117 2326 3172 et&

570 3217 985 3296 prophetauit,
1021 3217 1254 3278 dicens:
2275 3227 2278 3229 ’

329 3319 380 3353 68
411 3316 786 3378 Benedictus
813 3314 1119 3376 Dominus
1147 3316 1314 3375 Deus
1343 3311 1605 3374 Israhel:

495 3415 648 3496 quia*
670 3414 968 3484 uisitauit,
1006 3421 1068 3475 et
1096 3413 1245 3475 fecit
1272 3411 1759 3491 redemptionem
1789 3409 1952 3489 plebi
1983 3427 2146 3469 suae.

331 3518 383 3553 ⁶⁹
413 3518 500 3578 Et
525 3515 718 3575 erexit
743 3534 933 3575 cornu
957 3512 1171 3575 salutis
1195 3511 1397 3573 nobis:

496 3613 562 3675 in
589 3616 774 3675 domo
799 3613 1009 3674 Dauid
1034 3608 1207 3691 pueri
1235 3609 1347 3670 sui.

2204 274 2283 297 μ
2359 304 2364 308 s
