2384 3970
244 215 2257 248 —-——-——-———————-———-————

252 303 327 361 22
552 300 1048 367 SELEOTIONS
1089 304 1322 366 FROM
1361 304 1529 368 THE
1571 307 1959 368 VULGATE

321 509 373 546 ²¹
398 512 782 574 Abscondita
813 520 906 573 est
936 514 1014 573 ab
1047 513 1236 574 oeulis
1266 514 1539 575 omnium
1567 513 1931 582 uiuentium,

402 609 678 671 uolucres
706 634 953 692 quoque
980 612 1134 673 caeli
1157 611 1333 672 latet.

315 707 366 741 22
397 709 671 771 Perditio
705 717 768 770 et
800 731 965 771 mors
999 711 1314 772 dixerunt:

396 806 667 868 Auribus
696 808 923 873 nostris
952 809 1303 871 audiuimus
1331 808 1566 869 famam
1595 808 1742 869 eius,

314 901 366 936 ²³
395 906 567 964 Deus
591 903 899 984 intellegit
923 906 1091 967 uiam
1117 906 1260 974 eiuS‚

400 1008 464 1062 et
489 1002 620 1081 ipse
644 1005 822 1064 nouit
845 1003 1053 1066 locum
1077 1004 1257 1066 illius.

313 1098 366 1133 24
396 1100 539 1177 Ipse
571 1102 735 1162 enim
766 1102 918 1163 fines
950 1103 1169 1166 mundi
1198 1103 1503 1165 intuetur:

395 1206 458 1259 et
485 1201 708 1272 omnia,
739 1221 896 1280 quae
924 1201 1038 1261 sub
1065 1199 1234 1263 eaelo
1259 1209 1422 1270 sunt,
1451 1202 1719 1281 respicit.

314 1295 365 1330 25
396 1297 516 1368 Qui
540 1297 690 1360 feeit
715 1299 919 1360 uentis
946 1303 1206 1378 ponduS,

397 1402 460 1455 et
488 1417 683 1477 aquas
712 1400 1013 1477 appendit
1038 1399 1104 1460 in
1131 1421 1436 1460 mensura.

310 1494 362 1529 2⁶
395 1495 658 1568 Quando
686 1498 961 1575 ponebat
989 1497 1216 1577 pluuiis
1242 1498 1457 1578 legem,

345 1595 348 1597 ”
397 1600 460 1653 et
492 1595 661 1657 uiam
692 1596 974 1675 procellis
1006 1597 1397 1659 sonantibus:

310 1690 362 1727 2⁷
394 1695 564 1754 Tune
590 1694 751 1757 uidit
776 1694 965 1767 illam,
994 1704 1057 1757 et
1083 1697 1413 1766 enarrauit,

395 1798 459 1852 et
482 1795 898 1872 praeparauit,
930 1802 993 1855 et
1016 1794 1439 1875 inuestigauit.

310 1890 362 1926 ²⁸
393 1891 480 1951 Et
509 1892 669 1955 dixit
697 1893 960 1955 homini:

394 1992 555 2066 Eece
579 1992 766 2053 timor
789 1993 1058 2062 Domini,
1086 1993 1222 2072 ipsa
1249 2000 1341 2054 est
1368 1993 1698 2072 sapientia:

396 2095 459 2149 et
487 2093 768 2152 recedere
796 2112 831 2150 a
861 2092 1042 2162 malo,
1075 2091 1516 2170 intellegentia.

1007 2528 1312 2588 PSALMus
1356 2527 1533 2588 VIII.

308 2674 329 2710 ²
366 2673 635 2737 Domine
660 2674 965 2738 Dominus
995 2683 1220 2746 noster,

359 2796 549 2856 quam
574 2773 937 2837 admirabile
963 2782 1057 2836 est
1083 2797 1308 2837 nomen
1331 2782 1514 2837 tuum
1537 2775 1605 2837 in
1628 2776 1916 2837 uniuersa
1940 2780 2105 2834 terra
2131 2775 2143 2835 !

360 2873 668 2947 Quoniam
691 2873 934 2935 eleuata
958 2881 1052 2935 est
1074 2874 1533 2954 magnificentia
1554 2881 1683 2944 tua,
1712 2893 1893 2952 super
1915 2871 2134 2934 caelos.

307 2973 331 3008 2
363 2973 465 3034 Ex
487 2993 589 3033 ore
611 2970 949 3033 infantium
974 2978 1036 3030 et
1057 2960 1431 3032 laetantium
1454 2970 1766 3050 perfecisti
1784 2968 2034 3031 laudem

357 3077 611 3150 propter
635 3069 916 3132 inimicos
942 3076 1102 3138 tuos,

361 3178 433 3231 ut
460 3172 743 3231 destruas
765 3167 1088 3229 inimicum
1115 3175 1179 3228 et
1203 3169 1489 3228 ultorem.

307 3268 331 3302 3
366 3268 673 3341 Quoniam
697 3267 924 3340 uidebo
949 3264 1150 3327 caelos
1174 3272 1334 3333 tuos,
1365 3285 1551 3343 opera
1576 3264 1911 3343 digitorum
1935 3271 2211 3326 tuorum:
2266 3241 2318 3322 K

359 3366 570 3428 lunam
596 3373 658 3426 et
685 3364 911 3434 stellaS,
945 3384 1106 3444 quae
1130 3370 1204 3424 tu
1227 3364 1531 3425 fundasti.

308 3463 332 3496 4
369 3460 532 3534 Quid
562 3467 656 3520 est
685 3462 887 3529 homO,
925 3462 1094 3538 quod
1121 3478 1356 3519 memor
1386 3477 1450 3517 es
1479 3456 1608 3519 eius
1636 3460 1658 3518 Ζ

363 3565 474 3620 aut
501 3557 661 3620 filius
687 3557 970 3626 hominis»,
1003 3557 1299 3637 quoniam
1324 3556 1543 3616 uisitas
1572 3556 1762 3648 euml?
