2384 3970
272 334 348 392 56
448 307 502 344 ²*
576 289 1074 395 sELEorloNs
1113 333 1346 395 FRoM
1387 334 1556 396 THE
1597 337 1983 397 VULGATE

608 780 934 841 EPISTULA
974 796 1063 837 AD
1107 778 1504 839 CORINTHIOS
1546 779 1762 840 PRIMA
1800 780 1988 840 XIII.

319 928 343 964 ²
381 928 445 989 Si
493 927 717 1009 linguis
769 927 1090 989 hominum
1140 928 1361 1008 loquar
1412 935 1475 988 et
1528 916 1899 1008 angelorum,
1956 929 2282 992 caritatem

253 1034 466 1089 autem
489 1048 614 1088 non
630 1027 911 1095 habeam,
931 1028 1139 1088 factus
1157 1048 1293 1088 sum
1308 1025 1482 1088 u'elut
1500 1049 1605 1088 aes
1621 1048 1867 1097 sonans,
1896 1035 2006 1089 aut
2029 1029 2279 1107 cymba-

249 1125 381 1187 lum
419 1125 710 1187 tinniens.
786 1127 810 1161 ²
842 1128 927 1189 Et
983 1124 1034 1184 si
1087 1125 1362 1189 habuero
1416 1126 1823 1205 prophetiam,
1884 1134 1946 1187 et
2001 1127 2278 1189 nouerim

249 1222 546 1302 mysteria
575 1223 797 1292 omnia,
828 1230 892 1283 et
920 1243 1165 1284 omnem
1189 1221 1537 1284 scientiam:
1568 1231 1631 1284 et
1657 1222 1709 1283 si
1732 1223 2007 1285 habuero
2033 1247 2278 1295 omnem

248 1323 451 1389 fidem,
506 1320 597 1382 ita
650 1329 723 1383 ut
774 1329 1019 1383 montes
1068 1323 1456 1390 transferam,
1512 1322 1838 1384 caritatem
1889 1330 2102 1384 autem
2153 1346 2278 1387 non

245 1421 536 1489 habuero,
573 1421 725 1481 nihil
757 1442 911 1481 sum.
985 1420 1009 1455 ³
1040 1422 1126 1484 Et
1156 1419 1209 1480 si
1238 1420 1609 1483 distribuero
1636 1421 1704 1482 in
1733 1420 1903 1482 cibos
1932 1442 2274 1500 pauperum

246 1540 458 1580 omnes
500 1519 835 1580 facultates
877 1514 1073 1580 meas:
1122 1527 1185 1580 et
1230 1518 1283 1579 si
1325 1521 1639 1582 tradidero
1683 1541 1906 1599 corpus
1948 1543 2154 1582 meum
2200 1529 2272 1583 ut

241 1621 511 1686 ardeam,
548 1618 875 1680 caritatem
906 1626 1118 1680 autem
1149 1639 1274 1680 non
1306 1618 1596 1688 habuero,
1633 1618 1785 1681 nihil
1815 1619 1968 1680 mihi
1997 1623 2270 1698 prodest.

228 1714 255 1752 ⁴
282 1714 521 1778 Caritas
539 1717 784 1795 patiens
801 1724 913 1786 est,
937 1717 1202 1797 benigna
1225 1725 1345 1777 est:
1371 1716 1598 1778 caritas
1616 1740 1740 1779 non
1757 1718 2121 1787 aemulatur,
2144 1742 2268 1782 non

240 1814 370 1895 agit
394 1836 731 1893 perperam,
754 1838 879 1877 non
901 1816 1172 1885 inflatur,
1194 1817 1217 1852 ⁵
1245 1838 1369 1878 non
1393 1823 1486 1876 est
1512 1816 1858 1887 ambitiosa,
1881 1839 2006 1879 non
2026 1818 2268 1897 quaerit

156 1976 161 1981 ,
239 1933 398 1993 quae
415 1935 526 1973 sua
545 1922 706 1982 sunt,
731 1935 856 1975 non
871 1914 1180 1984 inritatur,
1204 1936 1329 1976 non
1345 1914 1579 1994 cogitat
1596 1914 1873 1984 malum‚⁶
1895 1936 2021 1976 non
2036 1918 2266 1995 gaudet

233 2003 416 2087 super
431 2010 845 2090 iniquitatem,
866 2013 1215 2091 congaudet
1231 2020 1443 2073 autem
1458 2011 1713 2072 ueritati
1727 2012 1776 2073 :⁷
1808 2013 2013 2074 omnia
2031 2015 2264 2083 suffert,

235 2109 440 2168 omnia
464 2110 676 2177 credit,
705 2109 910 2170 omnia
933 2117 1159 2187 sperat,
1188 2110 1391 2170 omnia
1415 2109 1698 2171 sustinet.
1771 2110 1796 2145 ⁸
1828 2109 2067 2171 Caritas
2088 2132 2261 2173 num-

231 2227 420 2286 quam
446 2206 702 2269 excidit:
743 2207 873 2268 siue
895 2207 1274 2286 prophetiae,
1300 2209 1796 2270 euacuabuntur:
1839 2208 1969 2270 siue
1995 2208 2258 2288 linguae,

230 2306 587 2367 cessabunt:
633 2306 761 2366 siue
803 2306 1076 2376 scientia,
1112 2309 1484 2369 destruetur.
1558 2307 1582 2342 ⁹
1613 2308 1712 2370 Ex
1751 2314 1930 2386 parte
1968 2308 2132 2368 enim
2162 2331 2259 2370 co-

230 2403 596 2482 gnoscimus,
629 2412 691 2465 et
719 2426 795 2465 ex
825 2413 1004 2484 parte
1030 2406 1501 2483 prophetamus:
1522 2405 1576 2440 ²⁰
1607 2426 1748 2466 cum
1779 2412 1991 2466 autem
2019 2407 2261 2467 uenerit

228 2505 397 2582 quod
418 2502 762 2580 perfectum
784 2511 895 2570 est,
921 2503 1328 2564 euacuabitur
1349 2496 1518 2583 quod
1538 2525 1615 2564 ex
1635 2510 1814 2581 parte
1835 2509 1948 2564 est.
2019 2504 2068 2539 ¹¹
2105 2504 2256 2566 Cum
2277 2510 2280 2514 ’

227 2620 422 2661 essem
439 2601 751 2678 paruuluS,
772 2601 1071 2680 loquebar
1090 2608 1160 2662 ut
1177 2600 1491 2681 paruuluS,
1516 2601 1832 2679 sapiebam
1849 2608 1922 2662 ut
1940 2601 2255 2681 paruuluS,

226 2697 579 2777 cogitabam
619 2705 692 2759 ut
723 2698 1045 2778 paruulus:
1091 2701 1343 2779 quando
1381 2698 1587 2760 factus
1626 2720 1763 2760 sum
1799 2698 1909 2767 uir,
1954 2700 2254 2771 euacuaui

226 2815 387 2877 quae
413 2805 590 2857 erant
616 2796 879 2876 paruuli.
951 2798 1004 2833 ¹2
1034 2797 1335 2859 Uidemus
1351 2820 1513 2860 nunc
1531 2819 1639 2876 per
1655 2798 1972 2876 speculum
1996 2797 2063 2860 in
2088 2799 2251 2878 enig-

211 2883 419 2955 sslate:
449 2901 599 2955 tunc
627 2902 838 2955 autem
862 2894 1019 2955 facie
1045 2898 1126 2956 ad
1149 2894 1397 2956 faciem:
1428 2918 1591 2957 nunc
1616 2916 1916 2974 cognosco
1941 2917 2017 2955 ex
2042 2902 2245 2973 parte:

221 2998 374 3053 tunc
425 3000 637 3053 autem
686 3014 1050 3072 cognoscam
1101 2993 1261 3054 sicut
1312 3001 1374 3055 et
1424 2995 1707 3073 cognitus
1757 3013 1911 3054 sum.
1982 2993 2036 3027 13
2065 2994 2247 3054 Nunc

217 3098 430 3151 autem
455 3098 667 3151 manet
695 3093 862 3160 fides,
894 3112 1049 3169 speS,
1082 3091 1324 3162 caritaS,
1346 3091 1468 3152 tria
1484 3095 1662 3154 haec:
1693 3091 1887 3152 maior
1914 3099 2125 3153 autem
2151 3091 2247 3152 his

225 3196 320 3248 est
347 3188 589 3249 caritas
