2384 3970
779 344 781 349 ,
851 280 1384 343 IOB—PSALMI
2041 281 2116 338 23

181 493 205 529 ⁵
236 492 514 554 Minuisti
540 513 680 550 eum
706 487 1096 567 paulominus
1123 487 1202 546 ab
1230 484 1476 564 angeliS,

239 590 429 669 gloria
458 595 522 649 et
546 591 775 648 honore
803 585 1111 647 coronasti
1139 605 1305 645 eum:

181 691 205 724 ⁰
238 696 298 750 et
324 686 703 749 constituisti
729 707 869 745 eum
895 704 1078 761 super
1104 703 1288 760 opera
1312 688 1611 742 manuum
1634 687 1905 741 tuarum.

233 786 455 846 Omnia
486 782 800 844 subiecisti
827 781 940 841 sub
968 781 1229 859 pedibus
1257 779 1403 849 61116,

239 903 382 943 01166
400 887 462 942 613
479 869 670 941 1101166
688 879 1030 940 uniuersas:

233 981 481 1057 insuper
507 985 569 1038 et
594 997 814 1055 pecora
841 976 1062 1053 campi.

184 1079 209 1115 ⁸
238 1074 720 1145 Uolucres’caeli,
749 1082 811 1135 et
839 1074 1035 1152 pisces
1057 1072 1259 1140 maris,

239 1176 346 1256 qui
372 1174 804 1253 perambulant
827 1171 1076 1233 semitas
1099 1170 1304 1232 maris.

185 1274 209 1309 ⁹
239 1270 502 1334 Domine
530 1268 832 1331 Dominus
861 1276 1086 1336 noster,

237 1391 425 1451 quam
457 1366 816 1431 admirabile
849 1374 942 1427 est
973 1387 1198 1428 nomen
1227 1372 1408 1425 tuum
1437 1363 1504 1425 in
1533 1363 1820 1424 uniuersa
1850 1366 2048 1424 terra!
2091 1434 2095 1437 ¹

545 1758 848 1818 PSALMUs
892 1753 1145 1832 XXIII.
1190 1751 1430 1831 (XXII.
1481 1753 1699 1830 γαίᾳ).

188 1906 210 1940 ²
243 1904 545 1966 Dominus
571 1901 727 1981 regit
752 1923 867 1969 me,
899 1907 961 1961 et
989 1898 1139 1960 nihil
1166 1898 1319 1960 mihi
1343 1897 1565 1961 deerit:

189 2004 215 2039 2
244 2001 310 2063 in
331 2001 468 2062 loco
493 2020 756 2079 pascuae
782 1997 870 2058 ibi
895 2019 992 2058 me
1019 1997 1387 2058 conlocauit.

243 2098 436 2176 Super
463 2117 691 2177 aquam
718 2093 1067 2155 refectionis
1095 2094 1385 2155 educauit
1411 2113 1536 2153 me:

194 2197 219 2232 ³
250 2197 519 2258 animam
545 2215 747 2255 meam
774 2192 1101 2254 conuertit.

245 2295 523 2356 Deduxit
542 2314 639 2354 me
657 2313 837 2370 super
853 2290 1102 2351 semitas
1118 2289 1408 2357 iustitiae,
1430 2295 1682 2368 propter
1699 2310 1921 2349 nomen
1937 2308 2138 2348 suum.

196 2395 221 2429 4
251 2395 430 2461 Nam,
465 2399 528 2452 et
557 2391 607 2452 si
635 2391 1032 2451 ambulauero
1059 2388 1125 2449 in
1152 2389 1355 2450 medio
1383 2389 1636 2448 umbrae
1668 2386 1901 2455 mortis,

246 2513 371 2552 non
395 2489 629 2550 timebo
655 2487 845 2548 mala:
879 2487 1169 2567 quoniam
1195 2492 1269 2545 tu
1295 2507 1536 2546 mecum
1566 2506 1646 2545 66.

245 2590 434 2668 Uirga
459 2596 588 2658 tua,
627 2594 688 2647 et
717 2585 968 2647 baculus
1000 2593 1172 2645 tuus:
1217 2586 1349 2663 ipsa
1368 2605 1464 2644 me
1494 2582 1807 2644 consolata
1835 2588 1998 2643 sunt.

196 2688 220 2723 5
250 2686 491 2748 Parasti
531 2685 597 2746 in
639 2691 971 2762 conspectu
1012 2703 1151 2743 meo
1193 2702 1484 2749 mensam,
1533 2683 1824 2742 aduersus
1868 2701 1985 2748 606,
2034 2677 2137 2759 qui

325 2784 628 2845 tribulant
660 2804 777 2843 me.

250 2879 636 2960 Inpinguasti
658 2879 723 2939 in
747 2878 878 2938 oleo
901 2885 1089 2957 caput
1113 2897 1352 2938 meum:
1374 2883 1436 2936 et
1461 2875 1619 2937 calix
1642 2897 1813 2936 meus
1836 2873 2140 2935 inebrians

330 3001 515 3059 quam
548 2976 892 3057 praeclarus
925 2983 1018 3036 est
1047 2980 1058 3035 !

204 3078 227 3112 ⁶
257 3080 342 3141 Et
388 3075 800 3136 misericordia
846 3082 958 3135 tua
1016 3075 1423 3153 subsequetur
1462 3094 1560 3133 me
1602 3071 1885 3132 omnibus
1929 3069 2140 3132 diebus

340 3175 507 3234 uitae
533 3195 731 3234 meae:

253 3275 338 3334 Et
390 3280 462 3333 ut
513 3273 856 3332 inhabitem
907 3270 973 3331 in
1027 3273 1208 3331 domo
1262 3267 1529 3337 Domini,
1586 3268 1651 3328 in
1701 3266 2142 3346 longitudinem

335 3371 588 3431 dierum.
