2384 3970
266 392 343 449 34
573 388 1075 452 SELEOTIONS
1113 386 1349 449 FROM
1389 387 1558 452 THE
1600 389 1989 454 VULGATE

265 618 407 658 suos
436 595 787 657 reuertitur.
863 597 887 632 ⁷
920 596 1143 657 Omnia
1172 595 1429 658 flumina
1457 595 1698 658 intrant
1725 596 1791 659 in
1818 619 2004 666 mare,
2039 605 2102 658 et
2130 618 2300 661 mare

265 718 392 758 non
417 697 755 757 redundat:
790 697 870 756 ad
895 693 1118 763 locum,
1152 698 1315 757 unde
1345 703 1572 757 exeunt
1599 694 1872 766 flumina,
1902 704 2302 760 reuertuntur

262 802 335 856 ut
369 794 596 856 iterum
629 793 848 854 fluant.
923 794 946 828 ⁸
981 794 1249 854 Cunctae
1291 814 1389 854 res
1431 792 1729 856 difficiles:
1777 817 1902 857 non
1941 803 2151 875 potest
2193 818 2298 858 eas

263 895 449 954 homo
487 891 791 971 explicare
829 912 1124 953 sermone.
1206 891 1351 953 Non
1387 898 1704 953 saturatur
1741 893 1952 954 oculus
1987 893 2143 964 uisu,
2184 916 2296 958 nec

265 990 430 1051 auris
464 990 686 1052 auditu
716 989 1027 1068 impletur.
1103 990 1127 1024 ⁹
1160 990 1324 1063 Quid
1357 997 1450 1050 est
1482 992 1652 1071 quod
1681 990 1804 1051 fuit
1830 992 1853 1051 2
1890 991 2095 1071 ipsum
2128 995 2297 1074 quod

261 1092 547 1152 futurum
598 1095 710 1148 est.
796 1088 959 1159 Quid
1012 1095 1106 1148 est
1159 1091 1327 1168 quod
1378 1088 1617 1150 factum
1670 1094 1763 1149 est
1790 1089 1813 1148 ’ἑ
1869 1088 2075 1168 ipsum
2127 1094 2297 1171 quod

262 1189 617 1250 faciendum
661 1194 773 1247 est.
845 1185 900 1219 1⁰
929 1186 1099 1246 Nihil
1143 1187 1256 1247 sub
1302 1185 1427 1247 sole
1469 1207 1718 1254 nouum,
1765 1207 1876 1248 nec
1919 1186 2089 1248 ualet
2131 1187 2295 1270 quis-

263 1309 453 1370 quam
491 1287 716 1348 dicere:
758 1287 919 1348 Ecce
958 1271 1074 1346 hoc
1111 1306 1322 1346 recens
1360 1292 1479 1345 est:
1521 1284 1647 1346 iam
1677 1285 1841 1347 enim
1869 1287 2202 1365 praecessit
2219 1287 2294 1350 in

259 1383 533 1453 saeculis,
557 1405 715 1465 quae
734 1385 987 1446 fuerunt
1005 1391 1151 1445 ante
1169 1376 1296 1445 nos,
1340 1383 1388 1419 11
1403 1385 1547 1445 Νο11
1564 1390 1657 1445 est
1673 1383 1946 1461 priorum
1962 1384 2284 1448 memoria:

261 1487 368 1546 sed
412 1505 522 1545 nec
566 1504 778 1544 eorum
820 1482 1087 1563 quidem,
1135 1502 1293 1563 quae
1337 1489 1556 1561 postea
1595 1482 1810 1542 futura
1847 1489 2010 1551 sunt,
2051 1483 2169 1544 erit
2199 1505 2290 1546 re-

261 1580 541 1644 cordatio
564 1583 733 1660 apud
757 1602 875 1649 606,
905 1581 1014 1661 qui
1034 1580 1231 1641 futuri
1254 1588 1400 1641 sunt
1420 1579 1486 1641 in
1508 1580 1860 1641 nouissimo,

330 1681 381 1716 ²²
413 1682 547 1758 Ego
593 1677 997 1759 Ecclesiastes
1040 1678 1131 1738 fui
1167 1699 1276 1739 rex
1325 1677 1560 1741 Israhel
1600 1676 1667 1740 in
1704 1676 2109 1749 Hierusalem,
2142 1680 2197 1716 ¹³
2230 1689 2293 1743 et

259 1777 553 1859 proposui
580 1777 647 1839 in
678 1777 884 1838 animo
908 1797 1045 1838 meo
1069 1797 1362 1857 quaerere
1390 1782 1453 1837 et
1474 1775 1846 1854 inuestigare
1875 1777 2185 1855 sapienter
2214 1782 2291 1842 de
2349 1811 2353 1816 ·

261 1876 563 1944 omnibus,
598 1867 755 1955 quae
784 1876 947 1937 fiunt
988 1876 1102 1935 sub
1145 1874 1288 1935 sole.
1369 1875 1550 1936 Hanc
1593 1874 2061 1953 occupationem
2101 1877 2288 1957 pessi-

260 1997 428 2037 mam
474 1974 648 2037 dedit
691 1975 861 2035 Deus
905 1972 1046 2033 filiis
1090 1972 1428 2041 hominum,
1478 1980 1550 2033 ut
1597 1981 2044 2053 occuparentur
2086 1974 2153 2038 in
2197 1997 2289 2037 ea.

246 2074 300 2109 ¹4
331 2073 485 2135 Uidi
509 2079 750 2141 cuncta,
779 2093 936 2152 quae
960 2072 1123 2133 fiunt
1151 2072 1264 2132 sub
1294 2071 1436 2140 sole,
1462 2078 1525 2131 et
1546 2092 1684 2133 ecce
1709 2071 1996 2133 uniuersa
2022 2058 2289 2144 uanitas,

256 2178 321 2233 et
381 2171 633 2233 afflictio
692 2171 962 2249 spiritus,
1033 2171 1087 2206 ¹⁵
1115 2170 1396 2232 Peruersi
1453 2169 1696 2232 difficile
1751 2170 2157 2251 corriguntur,
2220 2180 2285 2235 et

257 2271 593 2332 stultorum
625 2268 905 2331 infinitus
940 2276 1032 2330 est
1067 2290 1375 2330 numerus
1448 2269 1500 2303 ¹⁶
1529 2269 1805 2330 Locutus
1838 2290 1975 2330 sum
2007 2262 2074 2332 in
2105 2274 2286 2334 corde

256 2391 411 2440 mec,
441 2369 674 2431 dicens:
710 2370 870 2430 Ecce
900 2389 1162 2448 magnus
1192 2371 1448 2430 effectus
1479 2388 1631 2434 sum,
1659 2374 1723 2428 et
1744 2368 2046 2445 praecessi
2078 2390 2288 2432 omnes

257 2467 578 2547 sapientia,
612 2467 720 2548 qui
744 2467 999 2528 fuerunt
1027 2474 1173 2529 ante
1199 2488 1297 2527 me
1323 2466 1391 2528 in
1416 2465 1830 2527 Hierusalem:
1861 2474 1924 2527 et
1950 2489 2123 2530 mens
2149 2490 2289 2531 mea

256 2566 679 2646 contemplata
732 2573 825 2626 est
876 2565 1076 2627 multa
1128 2566 1473 2644 sapienter,
1512 2571 1574 2625 et
1625 2565 1830 2627 didici.
1921 2566 1975 2602 1⁷
2004 2567 2287 2648 Dedique

256 2688 359 2729 cor
386 2688 594 2727 meum
621 2672 694 2726 ut
723 2665 939 2726 scirem
966 2663 1379 2742 prudentiam,
1414 2669 1604 2744 atque
1632 2662 1996 2732 doctrinam,
2030 2686 2284 2741 errores·
2373 2675 2376 2677 ’

253 2785 374 2845 que
403 2769 465 2824 et
493 2762 853 2823 stultitiam:
885 2768 948 2822 et
975 2763 1201 2841 agnoui
1227 2765 1396 2843 quod
1420 2761 1486 2846 in
1508 2761 1607 2822 his
1633 2782 1881 2842 quoque
1907 2767 2066 2824 esset
2089 2762 2282 2833 labor,

255 2871 319 2924 et
349 2861 600 2924 afflictio
629 2861 898 2940 spiritus,
929 2861 983 2896 ¹⁸
1015 2882 1087 2921 eo
1115 2863 1285 2942 quod
1311 2859 1377 2922 in
1404 2846 1603 2922 multa
1643 2859 1947 2938 sapientia
1974 2862 2174 2924 multa
2202 2862 2285 2925 sit

250 2961 627 3045 indignatio:
660 2966 727 3024 et
756 2961 865 3044 qui
896 2960 1072 3026 addit
1103 2959 1440 3028 scientiam,
1477 2959 1654 3022 addit
1684 2965 1746 3019 et
1774 2957 2064 3021 laborem.
