2384 3970
963 386 1267 445 PSALMI
1637 436 1640 441 ,
2040 393 2073 449 3
2088 395 2110 449 1.

484 832 785 892 PSALMus
829 831 1147 892 CXXVII.
1195 830 1502 906 (CXXVI.
1553 831 1776 909 Vulq.).

198 979 221 1014 ¹
245 981 379 1043 Nisi
407 983 710 1042 Dominus
745 983 1158 1043 aedifioauerit
1189 983 1458 1051 domum,

241 1082 307 1140 in
331 1101 563 1140 uanum
587 1081 1026 1141 laborauerunt
1053 1082 1159 1160 qui
1187 1081 1514 1141 aedificant
1539 1101 1693 1140 eam.

240 1180 375 1238 Nisi
402 1180 705 1239 Dominus
735 1181 1095 1240 custodierit
1126 1180 1462 1248 ciuitatem,

154 1288 155 1291 ’
239 1278 472 1338 frustra
495 1279 712 1357 uigilat
739 1279 846 1358 qui
872 1279 1144 1339 custodit
1172 1299 1327 1338 eam.
1587 1338 1590 1342 .

191 1376 487 1458 2Uanum
535 1383 629 1435 est
675 1377 850 1435 uobis
901 1383 1043 1435 ante
1088 1377 1287 1457 lucem
1335 1396 1603 1455 surgere:
1669 1375 1898 1453 surgite
1961 1381 2128 1454 post-

320 1495 509 1556 quam
539 1476 836 1549 sederitiS,

242 1575 349 1652 qui
379 1574 770 1634 manducat-is
804 1593 1028 1652 panem
1060 1574 1304 1635 doloris,

242 1671 394 1732 Cum
424 1672 663 1732 dederit
693 1671 932 1732 dilectis
963 1673 1087 1732 suis
1119 1693 1429 1733 somnum:

195 1767 219 1802 ³
243 1791 379 1830 eeee
407 1770 717 1830 hereditas
745 1772 1001 1831 Domini
1027 1772 1162 1831 filii:

238 1889 485 1938 11181088,
520 1869 760 1929 fruetus
791 1870 1045 1929 uentris.

173 1964 217 2037 ,4
242 1967 414 2027 Siout
443 1967 707 2045 sagittae
736 1969 803 2027 in
831 1957 1030 2027 11181111-
1051 1969 1342 2047 potentis:

238 2066 332 2125 ita
363 2066 472 2126 filii
505 2086 918 2126 excussorum.

197 2163 222 2199 5
245 2165 476 2224 Beatus
523 2165 619 2224 uir
666 2165 772 2244 qui
817 2165 1102 2243 impleuit
1148 2165 1518 2226 desiderium
1566 2184 1745 2224 suum
1809 2185 1883 2224 ex
1945 2164 2120 2243 ipsis:

316 2285 440 2324 non
469 2265 882 2326 confundetur
909 2286 1050 2326 oum
1077 2266 1366 2346 loquetur
1392 2265 1653 2325 inimicis
1682 2265 1806 2324 suis
1834 2265 1898 2324 in
1927 2271 2126 2343 porta.

469 2783 770 2843 PSALMus
814 2781 1069 2843 CXXX.
1115 2781 1434 2860 (CXXIX.
1484 2780 1701 2861 γαίᾳ).

185 2930 206 2964 ¹
242 2931 335 2990 De
366 2931 687 3010 profundis
717 2930 982 2992 olamaui
1014 2933 1095 2993 ad
1124 2938 1188 2991 te
1219 2929 1505 3009 Domine:

189 3027 213 3061 ²
242 3029 505 3091 Domine
534 3030 761 3091 exaudi
789 3051 1005 3090 uocem
1035 3051 1262 3091 meam:

242 3127 426 3188 Fiant
457 3149 633 3189 aures
663 3136 810 3189 tuae
842 3123 1247 3196 intendentes,

240 3224 306 3285 in
330 3247 544 3288 uocem
570 3227 1012 3306 deprecationis
1036 3246 1226 3287 meae.

190 3322 213 3356 ³
243 3322 308 3383 Si
338 3323 700 3404 iniquitates
735 3324 1154 3386 obseruaueris
1186 3326 1472 3387 Domine:

239 3421 503 3482 Domine
532 3422 668 3502 quis
694 3422 1020 3483 sustinebit
1048 3424 1069 3481 ’ἐ

197 3516 219 3550 4
249 3518 404 3590 Quia
432 3522 599 3598 apud
625 3526 690 3580 te
716 3520 1072 3599 propitiatio
1103 3528 1219 3581 est:

247 3638 307 3691 et
332 3633 583 3707 propter
604 3624 802 3703 legem
826 3631 1003 3684 tuam
1027 3624 1050 3658 ⁵
1081 3620 1345 3682 sustinui
1370 3627 1434 3679 te
1459 3619 1740 3679 Domine.
