2384 3970
464 338 992 402 EZECHIEL—-l
1037 335 1741 397 MAOHABAEORUM
2031 335 2101 393 41

91 542 144 578 ¹³
174 546 260 606 Et
306 543 509 605 scietis
554 541 699 623 quia
746 562 856 620 ego
900 538 1219 607 Dominus,
1269 559 1410 598 cum
1456 556 1749 616 aperuero
1795 534 2113 612 sepulchra

98 650 321 711 uestra,
372 648 436 701 et
482 643 749 703 eduxero
794 659 906 699 uos
952 641 1028 700 de
1072 635 1329 697 tumulis
1374 635 1595 696 uestris
1639 634 1863 711 popule
1909 650 2108 692 meus:

27 792 38 796 -
83 739 138 775 11
169 741 254 800 Et
291 739 514 802 dedero
552 737 834 816 spiritum
870 758 1076 797 meum
1130 734 1198 796 in
1241 734 1435 802 uobis,
1477 740 1540 793 et
1588 731 1882 799 uixeritis,
1924 737 1987 789 et
2022 750 2110 789 re-

97 838 404 918 quiescere
432 858 543 898 uos
569 836 795 897 faciam
823 854 1002 914 super
1030 836 1288 895 humum
1315 838 1612 892 uestram:
1646 836 1707 890 et
1737 827 1939 889 scietis
1967 827 2112 907 quia

96 956 208 1014 ego
237 934 539 996 Dominus
566 932 812 994 locutus
842 954 994 999 sum,
1029 937 1093 991 et
1121 930 1255 998 feci,
1291 929 1380 989 ait
1408 926 1711 988 Dominus
1739 928 1926 985 Deus.

510 1369 540 1426 1
587 1330 1137 1426 MAOHABAEORUM
1179 1364 1300 1424 III.
1344 1363 1576 1423 lo-IV.
1619 1364 1714 1421 25.

164 1514 218 1549 ¹⁰
247 1516 333 1576 Et
363 1512 758 1592 congregauit
781 1511 1149 1594 ,Apollonius
1179 1512 1422 1579 GenteS,
1458 1517 1521 1571 et
1551 1532 1586 1570 a
1618 1509 1891 1570 Samaria
1922 1509 2112 1569 uirtu-

101 1619 230 1674 tem
282 1612 546 1673 multam
599 1618 661 1671 et
713 1631 1002 1689 magnam
1054 1613 1135 1671 ad
1186 1609 1540 1681 bellandum
1592 1616 1806 1669 contra
1859 1606 2111 1669 Israhel.

87 1710 138 1746 11
172 1712 260 1772 Et
296 1710 584 1789 cognouit
620 1711 826 1793 101188,
869 1716 931 1769 et
969 1709 1119 1770 exiit
1157 1708 1405 1769 obuiam
1440 1707 1552 1767 illi:
1594 1715 1657 1767 et
1693 1707 2006 1786 percussit,
2049 1714 2112 1767 et

101 1807 322 1870 occidit
345 1806 635 1869 illumz'et
659 1807 1009 1871 ceciderunt
1034 1807 1339 1868 uulnerati
1361 1806 1559 1875 multi,
1589 1812 1651 1866 et
1674 1805 1890 1885 reliqui
1913 1805 2110 1885 fuger-

100 1914 233 1968 unt.
305 1906 359 1941 12
389 1907 475 1970 Et
523 1907 760 1984 accepit
808 1906 1000 1985 spolia
1054 1927 1288 1966 eorum:
1322 1924 1325 1926 ·
1364 1912 1425 1965 et
1482 1904 1755 1985 gladium
1802 1902 2112 1984 Apollonii

99 2004 358 2065 abstulit
391 2003 595 2073 Ιο1188,
633 2012 695 2064 et
728 2011 860 2065 erat
890 2025 1172 2084 pugnans
1202 2004 1268 2066 in
1299 2026 1370 2065 eo
1404 2004 1686 2065 omnibus
1718 2004 1950 2065 diebus.

164 2103 218 2138 ¹³
247 2105 334 2165 Et
370 2103 610 2165 audiuit
638 2102 828 2164 Seron
856 2102 1140 2182 princeps
1171 2101 1473 2163 exercitus
1502 2100 1729 2181 Syriae,
1764 2104 1930 2182 quod
1965 2122 2104 2162 con-

63 2233 66 2238 ·
99 2201 376 2280 gregauit
421 2201 609 2262 Iudas
655 2199 1186 2281 congregationem
1226 2199 1515 2268 fidelium,
1552 2207 1615 2259 et
1659 2198 1973 2260 0001081810
2016 2220 2104 2259 80-

99 2299 323 2376 cum,14
357 2305 417 2358 et
437 2297 552 2358 ait:
589 2297 840 2359 Faciam
862 2298 1015 2359 mihi
1044 2318 1282 2368 nomen,
1314 2305 1375 2357 et
1401 2297 1783 2377 glorificabor
1809 2296 1874 2356 in
1898 2316 2100 2374 regn0,

97 2402 160 2456 et
190 2394 508 2458 debellabo
538 2395 777 2464 Iudam,
814 2403 874 2456 et
906 2416 1023 2465 eos,
1061 2396 1168 2475 qui
1197 2417 1342 2456 cum
1366 2395 1500 2474 ipso
1531 2403 1692 2463 sunt,
1729 2395 1835 2474 qui
1866 2415 2104 2473 sperne-

97 2492 253 2554 bant
286 2492 544 2554 uerbum
578 2493 752 2571 regis,
824 2494 878 2529 1⁵
907 2495 993 2556 Et
1025 2494 1419 2572 praeparauit
1463 2514 1550 2552 se:
1599 2500 1660 2553 et
1704 2495 2108 2554 ascenderunt

98 2612 240 2652 cum
269 2613 340 2651 eo
370 2598 572 2651 castra
600 2590 930 2669 impiorum
957 2592 1149 2653 fortes
1179 2591 1482 2653 auxiliarii
1511 2599 1581 2653 ut
1610 2591 1883 2653 facerent
1913 2590 2112 2653 uindi-

99 2694 268 2749 ctam
292 2687 358 2749 in
382 2689 538 2749 filios
566 2689 818 2751 Israhel.

167 2787 220 2822 16
248 2788 334 2850 Et
375 2788 1028 2868 adpropinquauerunt
1070 2810 1263 2869 usque
1303 2792 1384 2851 ad
1424 2788 1764 2850 Bethoron:
1812 2795 1874 2848 et
1916 2789 2111 2848 exiuit

99 2881 288 2944 Iudas
351 2883 600 2946 obuiam
652 2885 741 2944 illi
794 2908 935 2946 cum
987 2886 1220 2965 paucis·
1309 2886 1364 2923 1⁷
1392 2888 1484 2948 Ut
1538 2894 1748 2947 autem
1821 2887 2110 2948 uiderunt

99 2979 435 3043 exercitum
452 2984 800 3045 uenientem
818 2985 934 3046 sibi
955 2986 1219 3053 obuiam,
1242 2986 1528 3061 dixerunt
1541 2985 1760 3047 Iudae:
1786 2985 2107 3057 Quomodo

54 3112 58 3116 *
98 3076 435 3157 poterimus
470 3081 651 3160 pauci
686 3103 960 3161 pugnare
997 3091 1211 3144 contra
1247 3082 1709 3146 multitudinem
1745 3090 2005 3149 tantam,
2048 3089 2110 3142 et

97 3182 231 3237 tam
255 3176 496 3248 fortem,
530 3187 591 3240 et
619 3202 729 3241 nos
749 3181 998 3260 fatigati
1023 3202 1232 3242 sumus
1257 3180 1482 3242 ieiunio
1508 3182 1690 3243 hodie
1718 3182 1738 3239 ’ἔ
1814 3181 1866 3216 18
1897 3182 1981 3241 Et
2018 3179 2108 3240 ait

49 3310 52 3311 ν
99 3271 315 3334 Iudas:
346 3275 548 3337 Facile
580 3285 672 3338 est
702 3277 982 3341 concludi
1011 3280 1240 3340 multos
1267 3278 1334 3340 in
1361 3300 1581 3340 manus
1609 3299 1970 3357 paucorum:
2045 3285 2107 3336 et

98 3390 222 3431 non
250 3378 343 3431 est
373 3372 716 3435 differentia
745 3374 810 3437 in
840 3384 1171 3454 conspectu
1199 3376 1316 3436 Dei
1344 3375 1495 3436 caeli
1522 3375 1777 3436 liberare
1794 3375 1858 3436 in
1875 3372 2102 3441 multis,

94 3474 158 3527 et
213 3467 301 3529 in·
332 3470 569 3548 paucis:
620 3472 673 3506 ¹⁹
705 3474 996 3553 quoniam
1054 3496 1179 3536 non
1233 3473 1298 3535 in
1353 3474 1751 3534 multitudine
1807 3471 2106 3532 exercitus

97 3565 354 3627 uictoria
370 3566 530 3638 belli,
554 3573 661 3632 sed
683 3573 758 3633 de
785 3571 953 3633 caelo
981 3573 1285 3635 fortitudo
1316 3580 1426 3632 est.
1501 3572 1553 3606 2⁰
1585 3572 1712 3648 Ipsi
1742 3571 1998 3630 ueniunt
2028 3572 2108 3631 ad
